3322 4456
149 451 264 550 Ray,
306 444 494 524 Richardo
519 321 931 545 Brigbtwell(,131iiitim
958 468 978 516 a
1006 441 1192 538 Lutheto,
1226 446 1445 533 Pomerano,

150 544 341 621 Francisco
367 543 591 635 Lamberto,
635 544 816 615 Huldrico
843 539 1052 635 Zwinglio,
1084 543 1247 633 Johanne
1276 542 1446 627 Brentio,
1547 547 1548 550 ’

75 694 77 699 -
150 645 323 738 Philippo
343 641 648 730 Melancbthone‚
675 638 939 735 Christophoro
954 637 1288 734 Hegendotpltino,
1307 638 1450 711 Andtea

152 743 363 812 Altbamero
384 739 553 827 Brentio,
579 759 774 833 eorumque
792 735 1054 832 complicibus,
1081 734 1273 829 compositi
1293 735 1383 808 sunt.
1450 762 1455 773 ·

199 839 305 929 Quos
330 857 450 907 omnes
477 835 512 905 ὃ(
543 833 696 928 singulos
717 832 826 905 libros
845 831 995 906 infandis
1014 832 1052 904 δε
1071 828 1354 924 pestilentissimis
1371 832 1446 902 hae-

152 934 285 1004 restbus
307 931 345 1003 δε
364 929 588 1025 blasphemiis
607 930 776 1021 refertos,
802 929 994 1002 innumeris
1012 928 1188 1000 erroribus
1208 928 1351 1020 plenos,
1377 949 1452 998 una
1536 960 1542 972 ¹

83 1035 84 1039 ’
153 1053 236 1100 cum
266 1023 446 1122 praedislis
475 1029 510 1098 dt
529 1026 603 1096 aliis
622 1026 815 1099 eorundem
836 1030 872 1101 ὃ(
893 1025 1057 1099 similium
1076 1024 1279 1098 audcotibus
1298 1022 1446 1119 quibus·

155 1147 318 1222 cunque,
355 1126 424 1194 hoc
452 1121 667 1193 sacrosanslo
693 1126 851 1196 concilio
868 1123 1110 1219 approbante,
1137 1123 1363 1211 damnamus,
1391 1142 1445 1192 re·
1495 1154 1497 1162 ·

155 1222 369 1316 probamus,
406 1220 442 1292 &
464 1219 652 1291 haereticos
675 1220 742 1293 esse
756 1222 959 1316 judicamus
978 1221 1015 1293 &
1035 1220 1268 1292 decernimus.
1312 1221 1447 1291 Praete·

153 1342 212 1390 rea
237 1320 341 1390 etiam
370 1336 512 1410 patrum
538 1316 739 1390 nostrorum
758 1318 915 1414 vestigiis
934 1317 1168 1406 inbaerentes,
1195 1315 1449 1411 prohibemus,

154 1438 199 1486 ne
226 1417 304 1511 quis
331 1413 548 1510 inposterum
578 1412 767 1507 trasiatus,
799 1416 990 1510 opuscula,
1024 1411 1225 1506 schedulas,
1259 1433 1320 1485 aut
1340 1413 1454 1487 libros

153 1535 407 1606 quoscunque,
441 1508 568 1581 sacram
596 1512 840 1607 scripturam,
874 1533 934 1585 aut
959 1514 1036 1607 ejus
1061 1511 1391 1604 interpretationem
1411 1509 1461 1581 in·

155 1608 189 1679 se
205 1611 450 1694 continentes,
469 1608 504 1676 in
523 1609 881 1705 linguamvulgarem
903 1609 1086 1680 translatos
1105 1608 1277 1697 vendere,
1297 1607 1453 1697 donate,

156 1706 405 1792 commodare,
427 1727 564 1796 emere,
584 1707 809 1800 imprimere,
829 1705 1037 1794 inscribere,
1055 1703 1179 1797 edere,
1198 1704 1336 1800 legere,
1353 1703 1450 1798 spat·

153 1825 261 1899 gere,
287 1803 343 1874 vel
364 1800 566 1896 publicare,
593 1805 628 1874 in
649 1823 748 1898 parte
764 1805 821 1876 vel
840 1805 875 1875 in
894 1825 997 1894 toto,
1017 1801 1162 1896 publice
1181 1802 1236 1873 vel
1256 1801 1449 1896 privati-m,

153 1901 210 1972 vel
239 1924 343 1993 penes
370 1897 402 1970 se
426 1899 575 1971 scienter
603 1903 775 1992 retinere,
802 1901 932 1998 absque
958 1900 1007 1973 sui
1033 1899 1224 1971 dioecesani
1252 1894 1456 1994 inscriptis

152 1996 298 2069 licentia
323 1994 531 2090 praesumat,
565 1995 629 2067 nifi
658 2002 754 2092 prius
780 1998 983 2097 hujusmodi
1008 1997 1089 2069 libri
1106 1994 1275 2091 episcopo
1295 1993 1366 2066 loci
1385 2019 1450 2069 ex·

153 2093 284 2180 hibiti‚
316 2114 425 2185 atque
450 2090 494 2160 ab
524 2094 648 2164 eodem
668 2096 859 2190 diligenter
876 2095 1222 2187 examinati‚‘atque
1239 2090 1453 2168 auctoritate

153 2188 312 2280 ejusdem
340 2185 567 2280 comprobati
594 2187 738 2261 suerint.
782 2190 858 2282 Qui
877 2215 962 2261 vero
980 2207 1105 2260 contra
1124 2188 1272 2279 fecerit,
1298 2210 1339 2259 ut
1358 2191 1451 2262 ziza·

153 2283 294 2356 niotum
313 2278 406 2353 sator
424 2283 461 2353 &
479 2280 658 2354 haereticae
678 2285 863 2378 pravitatis
881 2283 998 2357 fautor
1016 2286 1196 2377 puniatur.
1222 2285 1260 2357 Si
1279 2307 1347 2378 qua
1365 2308 1451 2360 vero

157 2379 305 2477 persona
330 2375 565 2451 ecclesiastica
590 2381 645 2451 vel
671 2384 705 2452 in
724 2382 899 2478 praedislo
917 2379 1080 2469 excelsu,
1106 2381 1162 2454 vel
1182 2383 1217 2452 in
1237 2382 1360 2478 quavis
1377 2382 1454 2456 hae·

154 2477 221 2549 reli
241 2479 298 2550 vel
316 2499 434 2548 errore
454 2476 674 2571 pernicioso,
700 2502 807 2574 quem
827 2481 926 2552 illico
944 2478 986 2549 ad
1005 2477 1240 2550 monitionem
1260 2478 1452 2554 dioecesani

154 2574 227 2648 loci
244 2594 425 2646 recantare
443 2574 676 2667 recusaverit,
702 2576 885 2651 manifeste
903 2573 1138 2672 deprehensus
1157 2576 1265 2647 fuerit
1283 2594 1343 2646 aut
1361 2599 1451 2648 con·

155 2668 294 2760 vissus,
323 2668 528 2761 beneficiis,
557 2669 579 2743 st
600 2697 681 2767 quae
703 2673 850 2764 babeat,
885 2675 955 2745 hoc
975 2672 1071 2745 sacro
1089 2671 1311 2767 approbante
1327 2675 1454 2747 conci-⁴

154 2769 229 2860 lio,
266 2767 309 2839 fit
335 2766 409 2859 ipso
432 2769 514 2864 jure
541 2770 721 2862 privatus,
756 2771 793 2844 ὃ(
819 2771 861 2841 ad
888 2770 1078 2866 dignitates
1096 2768 1370 2860 ecclefiaslicas,
1395 2770 1455 2844 vel

152 2866 222 2939 alia
239 2862 435 2955 beneficia,
455 2886 574 2937 cutam
594 2868 789 2940 animarum
807 2867 995 2958 habentia,
1015 2890 1167 2938 necnon
1186 2866 1228 2938 ad
1247 2869 1359 2939 curati
1371 2866 1457 2940 offi··

154 2965 252 3038 cium
272 2961 469 3061 gerendum
488 2983 664 3059 perpetuo
683 2964 847 3039 inhabilis
865 2965 1045 3039 reddatur.
1076 2962 1127 3035 Et
1145 2967 1226 3060 quia
1244 2965 1349 3037 multi
1369 2965 1456 3039 libri

155 3059 319 3135 haeretici
345 3061 453 3134 etiam
481 3061 517 3132 in
536 3062 659 3157 lingua
678 3061 807 3136 Latina
824 3088 844 3136 a
861 3063 1049 3153 Lutbero,
1077 3059 1298 3151 Lambetto,
1325 3063 1456 3136 Pome-

154 3181 261 3249 tano‚
287 3158 496 3256 Zwingli0,
523 3158 831 3252 Oecolampadio,
858 3163 1022 3248 Bucero,
1050 3158 1357 3245 Melancbthone,
1381 3160 1460 3235 Cae

154 3252 344 3346 rolstadio,
362 3256 529 3343 Brentio,
547 3255 656 3346 Jona,
677 3257 950 3345 Westhemer0,
970 3254 1301 3347 Hegendotphino,
1316 3252 1460 3344 Johan-¹

113 3352 124 3369 '
154 3373 200 3421 ne
223 3349 417 3443 Agricola,
448 3349 620 3442 Urbano,
648 3352 854 3443 Brismano,
886 3350 1027 3423 Andrea
1047 3349 1280 3446 Knopltyne,
1306 3352 1459 3426 Simone

127 3458 130 3464 “
154 3443 291 3537 Helio,
322 3444 488 3537 Johanne
507 3446 723 3540 Veltkirch,
751 3449 903 3522 Othone
921 3445 1143 3539 Brunfelsto,
1172 3448 1334 3521 Welselo
1353 3462 1457 3522 com'·

153 3543 262 3714 pofiti
290 3542 327 3616 ὃ(
346 3543 456 3637 editi,
484 3547 681 3642 &quidam
702 3547 762 3621 alii
781 3547 863 3619 libri
883 3547 1016 3619 nullius
1034 3543 1187 3620 ausoris
1205 3548 1351 3620 nomine
1370 3571 1457 3644 pro·

179 3659 324 3728 euntes,
1452 3678 1460 3689 „

202 3736 419 3850 §ujusmodi
445 3735 496 3812 est
521 3740 612 3816 liber
637 3743 722 3837 ille,
755 3742 818 3841 qui
844 3741 904 3817 De
927 3742 1042 3823 veteri
1068 3741 1106 3820 &
1133 3742 1278 3816 novitio
1298 3741 1382 3813 Deo
1402 3741 1462 3814 ino

153 3834 335 3911 scribitur.
797 3935 822 4011 S
1331 3892 1460 4028 Aliug'.
