3322 4456
176 341 341 438 ΛΑΜ.
501 290 1245 416 ῙΗΗΙΟΧΙΑΤΪ.Δ
1406 350 1472 428 ¹93

175 521 203 563 „
229 461 366 562 sptslus
393 464 524 552 modo,
559 463 616 537 sed
636 463 673 535 ὅ(
692 458 816 534 exosus
834 457 902 529 esse
920 460 1049 555 coepit.
1092 461 1235 557 Atque,
1261 477 1303 532 ut
1321 457 1392 531 hoc
1410 481 1472 530 ne·

174 617 202 659 „
228 571 314 637 mini
336 588 410 638 tum
433 585 503 632 non
521 579 748 653 compertum
770 555 862 642 fuit,
888 557 937 624 ita
954 578 996 624 an
1013 555 1056 626 ab
1075 557 1138 627 illo
1158 560 1276 652 postea
1294 554 1473 653 suspensus

175 714 203 757 ,‚
232 663 363 749 suerit,
390 660 473 752 quin
491 659 587 727 nulla
605 655 721 724 adhuc
740 648 1040 746 pervestigatione
1058 652 1094 720 in
1111 653 1226 725 lucem
1247 658 1366 747 venit,
1392 677 1472 726 cer·

174 813 201 852 „
230 783 307 828 tum
329 777 400 824 non
419 753 556 843 habeo,
582 749 678 841 quod
697 750 834 819 dicam:
865 749 1000 819 Verum
1019 749 1223 838 enimvero,
1249 753 1355 821 resin
1375 751 1472 822 hunc

176 907 203 945 „
231 852 377 920 modum
399 849 535 920 babuit.
560 844 776 916 Adolescens
796 842 967 915 studiosus
985 845 1047 915 vix
1067 844 1152 914 dum
1171 867 1299 915 annum
1319 845 1473 940 egressus

176 1000 203 1040 ‚‚
231 944 462 1041 vigesimum,
481 942 696 1038 aliquamdiu
709 940 887 1014 intersuos
898 939 1128 1031 desideratus,
1143 942 1282 1011 tandem
1295 943 1372 1034 poll
1385 965 1470 1036 qua·

177 1069 205 1137 ,‚
235 1045 393 1113 triduum
404 1040 450 1110 ob
460 1041 636 1112 cadaveris
650 1039 854 1135 paedorem,
875 1035 1023 1109 effracto
1034 1039 1187 1129 ostiolo,
1206 1035 1382 1132 suspensus
1392 1038 1473 1108 suo·

177 1190 204 1232 „
231 1159 304 1209 met
330 1138 490 1232 cingulo.
507 1157 664 1228 repertus
681 1135 754 1226 est,
782 1137 875 1205 intra
892 1135 1099 1207 musaeolum
1118 1133 1241 1223 suum,
1268 1157 1312 1205 eo
1331 1135 1473 1228 quidem

175 1287 202 1332 „
228 1236 356 1306 modo:
377 1234 416 1306 ut
435 1229 560 1305 faciem
581 1234 725 1306 habetet
744 1231 930 1304 insacrum
951 1231 1145 1305 bibliorum
1167 1233 1331 1305 codicem
1344 1230 1473 1303 obver-

175 1386 202 1428 „
227 1331 318 1421 sani,
352 1355 394 1404 ac
419 1331 576 1427 digitum
605 1327 797 1423 porrectim
826 1328 947 1401 locum
977 1331 1178 1427 Scripturae
1205 1327 1472 1425 defignantem,

174 1483 205 1524 „
228 1431 289 1503 ubi
309 1429 353 1499 de
372 1425 683 1522 praedestinatione
701 1424 929 1519 crassabatur.
957 1428 1139 1525 Singulari
1157 1425 1321 1522 profecto
1340 1449 1392 1497 res
1410 1447 1472 1517 ea,

175 1549 212 1621 ·„'
226 1529 270 1598 ἃ
287 1523 465 1619 exquisito
483 1518 640 1596 artificio
659 1547 732 1596 non
751 1524 865 1595 caruit
879 1525 1114 1612 veteratoris,
1139 1525 1296 1619 quisquis
1313 1543 1389 1596 erat
1407 1522 1474 1594 hu·-
1514 1590 1516 1595 .

176 1677 204 1718 „
227 1626 287 1717 jus
315 1622 473 1694 minister
490 1622 648 1713 sceleris,
676 1644 804 1716 nempe
821 1639 884 1710 ut,
912 1643 1022 1714 quum
1043 1622 1145 1692 miser
1163 1619 1361 1692 adolescens
1379 1643 1476 1716 prae·

173 1719 468 1816 „destinationis
495 1739 594 1792 metu
623 1720 658 1791 in
685 1715 962 1812 desperationem
982 1717 1078 1791 aelus
1097 1718 1210 1790 videri
1230 1716 1367 1812 posset,
1394 1736 1473 1790 tum
1595 1794 1599 1801 ,

174 1850 203 1913 „
231 1820 353 1890 caeteri
373 1818 444 1889 hoc
463 1815 624 1889 deterriti
642 1816 812 1913 exemplo
825 1817 996 1912 juvenes,
1022 1815 1066 1889 ab
1086 1818 1183 1887 omni
1203 1816 1402 1887 divinatum
1420 1837 1476 1886 re·

173 1968 201 2011 „
228 1939 306 1986 rum
326 1914 649 2012 pervestigatione,
672 1937 741 1997 ¹ceu
761 1937 798 1985 re
817 1913 1035 2009 periculosa,
1061 1914 1322 1985 abarcerentur.
1342 1964 1368 2003 „

173 2041 179 2084 1
221 2011 323 2104 Quin
350 2015 445 2103 imo,
473 2016 518 2083 A.
534 2023 636 2106 1526.
666 2008 794 2083 contral
818 2036 893 2082 eam
914 2036 1019 2106 quam
1038 2010 1192 2082 diximus
1208 2011 1473 2082 translationem

175 2108 289 2180 NT.
299 2117 318 2178 a
330 2110 513 2201 Tyndallo
523 2129 767 2199 procuratam,
780 2108 965 2201 publicum
980 2108 1028 2199 (a)
1047 2110 1181 2203 prodiit
1195 2107 1475 2198 lntetdiblum',a

174 2201 1229 2297 quovisEpiscopoinsuadioecesa,cujushaeceratsumma,
1250 2203 1475 2296 „Quosdam
1594 2206 1596 2210 ’

176 2348 204 2390 ,,
232 2294 383 2365 Lutheri
409 2295 547 2366 asseclas
565 2295 651 2365 falso
671 2295 884 2365 transtulisse
905 2292 1056 2369 Novum
1076 2301 1370 2389 Testamentum,
1395 2324 1476 2371 ver·

176 2445 205 2485 „
231 2390 389 2481 bamque
408 2390 478 2464 Dei
499 2412 576 2461 tum
597 2387 678 2461 salsa
696 2391 945 2483 translatione,
966 2415 1041 2466 tum
1062 2394 1239 2466 haereticis
1259 2395 1374 2490 glossrs
1394 2421 1475 2466 cot·

176 2541 206 2584 „
230 2487 381 2581 rupisse,
398 2496 488 2558 'cum
509 2489 676 2559 mandato
694 2487 736 2557 ad
759 2487 913 2581 singulos
931 2490 1187 2559 beneficiorum
1208 2488 1477 2560 Ecclesiastico·

177 2637 206 2681 „
234 2609 311 2656 rum
340 2583 564 2679 possessores,
599 2604 638 2656 ut
666 2585 876 2676 paroecianis
896 2584 962 2656 suis
981 2582 1070 2656 scrib
1090 2588 1342 2683 injungerent,
1369 2605 1477 2679 quot·

175 2734 204 2778 ‚,
230 2705 321 2779 quot
349 2683 403 2754 vel
422 2683 568 2755 unicum
589 2683 715 2753 borum
736 2682 908 2755 librorum
930 2683 1119 2777 haberent,
1147 2683 1189 2755 ad
1209 2683 1393 2756 Vitorium
1413 2704 1476 2778 ge·

173 2834 203 2877 „
228 2780 380 2854 neralem
411 2780 502 2852 intra
528 2780 678 2876 triginta
704 2780 799 2872 dies,
824 2779 887 2853 sub
907 2803 1016 2877 poena
1032 2782 1419 2855 excommunicationis
1437 2781 1476 2858 ὃ(
1536 2872 1540 2876 ⁴

175 2931 203 2973 „
230 2876 396 2975 salpe-slae
417 2875 585 2950 haereseos
603 2877 791 2961 adducere.
811 2931 838 2970 „

222 2975 539 3072 Quemadmodum
568 2977 675 3048 etiam
693 2976 854 3049 adversus
873 2977 1181 3077 Cantabrigienscs
1202 2979 1247 3052 n.
1263 2977 1365 3074 ¹528·
1392 3002 1477 3052 auc·

174 3075 323 3146 totitate
344 3071 500 3165 Wolseji
519 3070 680 3144 instituta
699 3072 768 3146 suit
789 3075 953 3170 Synodus
974 3076 1230 3168 Londinenfis,
1251 3078 1284 3148 in
1304 3101 1370 3169 qua
1390 3100 1477 3148 con·

176 3188 230 3240 tra
248 3167 404 3243 Thomam
425 3173 600 3260 Bilneyum
619 3170 655 3244 δι
676 3169 831 3245 Thomam
850 3175 1041 3246 Arthurum
1058 3174 1199 3246 articuli
1218 3176 1380 3244 nonnulli
1400 3176 1479 3247 sunt

174 3266 328 3358 prolati,
354 3291 396 3338 eo
415 3292 497 3338 cum
517 3287 672 3357 eventu,
691 3288 732 3337 ut
750 3271 914 3362 utrique,
935 3289 1011 3339 tum
1031 3270 1196 3340 humanae
1216 3269 1478 3360 imbecillitati,

176 3383 252 3431 turn
276 3362 445 3460 Episcopi
467 3361 767 3455 Londinensts(b)
788 3366 1054 3460 importunitati
1074 3365 1347 3458 succubuerint,
1365 3367 1478 3438 sunm·

176 3481 246 3552 que
280 3458 478 3533 dodlri-nam
505 3460 714 3557 abjurarint.
768 3460 931 3630 ‘lgmetsr
957 3463 1116 3555 Bilaeyus
1143 3461 1307 3562 speetatae
1335 3465 1480 3538 virtutis

840 3561 864 3631 b
1372 3584 1480 3660 atque

145 3652 149 3657 ‘
221 3697 270 3775 (Β)
293 3698 508 3771 BURNE‘I'.
531 3705 663 3769 loo-cit.
681 3679 828 3771 sol.⁵18.b
1461 3724 1472 3763 ·.

209 3781 271 3854 sb)
296 3780 463 3850 FleUS
488 3786 706 3854 Commenta.
733 3809 791 3854 rer.
818 3787 964 3862 inbccl.
990 3792 1098 3874 gessar.
1124 3792 1268 3877 soltzg.
1290 3810 1359 3870 124.
1392 3787 1479 3851 conf.

177 3860 244 4011 ξιῑό]
253 3861 400 3932 RNET.
424 3874 489 3935 loc.
514 3871 566 3936 cit.
597 3872 673 3938 item
699 3873 770 3941 FO
783 3872 828 3940 X.
855 3873 1085 3987 Ecclesiasticus
1111 3877 1228 3944 Hillor.
1257 3877 1336 3959 Vol.
1355 3872 1404 3980 113
1423 3870 1482 3969 sol.
