3322 4456
775 334 911 438 ’(69.)

193 470 404 571 'Theologis
430 465 554 540 habito
580 450 760 576 retulisse,
792 468 857 540 nifi
884 463 981 562 quod
1004 466 1098 541 nuda
1114 486 1219 638 argue
1237 473 1399 570 ipfillima
1416 474 1502 552 esset

198 573 351 660 ueritas,
386 564 406 638 a
433 565 598 660 Georgia
627 564 836 661 spalatino,
863 563 1063 662 Theologo
1082 565 1148 638 Ele
1188 571 1258 642 oris
1277 575 1444 648 Saxonici
1463 575 1502 649 &

196 667 410 756 Historieo‚
439 663 500 758 qui
527 661 575 732 ob
596 659 805 757 singularem
825 659 934 734 fidem
954 662 991 736 ὃ(
1009 662 1211 756 linguarum
1231 671 1398 742 notitiam
1408 695 1502 841 6gra·

197 761 339 836 viffimis
357 759 517 857 negociis
535 758 818 849 adhibituserat‚
837 757 970 853 scripto
980 758 1207 854 consignata,
1225 767 1407 860 atqueEle
1447 769 1501 842 ori

196 860 326 932 tradita
344 860 381 931 δι
400 857 546 928 solerter
563 860 599 926 in
620 855 782 927 Archivo
801 855 951 950 publico
969 854 1191 930 conservata:

190 971 193 978 ’
244 968 350 1040 Hanc
374 966 601 1040 Relationem
622 988 666 1036 ex
687 965 946 1039 Seckendorfio
965 965 1243 1061 depromendam
1264 969 1499 1067 dignisfimarn

190 1063 455 1163 judicavimus,
482 1083 524 1134 ut
544 1062 785 1136 Documentis
802 1061 931 1135 nostris
950 1063 1199 1156 insereremus,
1224 1071 1348 1164 prouti
1366 1093 1406 1141 ea
1423 1072 1448 1145 l.
1464 1098 1498 1148 c.

195 1159 260 1232 sol.
276 1184 354 1254 ¹05·
379 1171 457 1234 106.
484 1159 638 1253 legitur,
664 1157 726 1229 sub
745 1160 812 1232 hae
829 1158 991 1231 rubrica:

242 1254 392 1334 Relatio
412 1255 584 1369 Spalatini
604 1254 719 1330 MSS.
738 1246 836 1354 Reg.
853 1256 903 1329 H.
923 1255 987 1330 fol.
996 1278 1056 1340 99.
1075 1279 1180 1353 n.42.

191 1528 294 1630 Quid
318 1529 417 1622 Regis
443 1471 616 1599 Galloruru
642 1528 771 1598 Orator
792 1523 996 1599 Gulielmus
1014 1519 1170 1618 Bellajus
1188 1480 1340 1619 Langaui
1361 1527 1494 1604 Domi·
1567 1591 1572 1598 .

240 1648 306 1695 nus
324 1647 397 1697 cum
416 1623 467 1693 D.
487 1624 651 1695 Pontano
669 1620 894 1696 Cancellario
911 1618 1026 1693 Eledt.
1044 1621 1493 1720 Saxoniae&reliquis(a),

104 1721 109 1729 ’
231 1724 327 1814 feria
346 1720 491 1815 secunda
513 1719 583 1814 post
599 1721 740 1794 Domiu.
750 1720 820 1793 IV.
838 1720 990 1793 Advout.
1010 1718 1063 1809 (id
1077 1716 1143 1810 est,
1168 1721 1202 1791 d.
1222 1741 1280 1791 20.
1298 1719 1493 1814 Decembr.)

236 1842 322 1894 anuo
337 1840 349 1890 ι
357 1837 441 1914 535.
467 1819 679 1892 Smalcaldiae
686 1818 752 1913 sub
769 1819 948 1891 diluculum
964 1821 1078 1913 egerit.

189 2010 369 2101 Primam,
395 2010 439 2084 de
457 2012 612 2104 primatu
631 2012 790 2085 Romani
808 2010 997 2084 Pontificis
1012 2009 1082 2082 five
1092 2007 1339 2106 Papaesentire
1350 2013 1492 2111 Regem

183 2134 188 2141 ·
239 2106 432 2178 Gallorum
462 2106 675 2199 nobiscum,
707 2112 787 2200 jure
812 2129 949 2180 tantum
970 2111 1148 2200 humano,
1175 2110 1491 2189 nondivinoeum

181 2246 188 2270 -.
238 2197 389 2288 babere,
416 2199 559 2296 Regem
579 2226 667 2274 uero
685 2202 889 2296 Anglorum
908 2226 952 2273 ne
970 2204 1123 2273 humano
1140 2203 1282 2297 quidem
1303 2206 1403 2277 illum
1424 2209 1491 2303 ipsi

237 2297 406 2370 tribuere.
441 2295 624 2369 Hadtenus
648 2300 742 2368 enim
766 2299 835 2369 hoc
855 2301 1063 2372 Romanum
1085 2297 1299 2370 Pontificem
1319 2323 1490 2379 conatum

236 2414 436 2491 perpetuo,
466 2413 507 2466 ut
525 2412 675 2490 poneret
696 2395 731 2467 δι
750 2395 920 2490 ejiceret,
944 2417 1034 2490 quos
1051 2395 1182 2485 vellet,
1210 2397 1331 2490 Reges
1348 2401 1488 2493 regnis:

236 2491 329 2563 ficut
353 2491 460 2563 etiam
488 2513 583 2562 nunc
611 2509 737 2562 contra
762 2495 905 2587 Regem
926 2490 1129 2586 Anglorum
1148 2493 1337 2584 moliatur,
1363 2516 1493 2587 quam·

179 2616 182 2621 ·
234 2588 324 2662 libet
344 2587 558 2682 deprecante
577 2589 682 2681 Rege
701 2587 917 2679 Gallorum,
944 2588 1217 2683 deprecantibus
1234 2591 1342 2662 etiam
1361 2593 1397 2664 δι
1417 2591 1488 2667 dis·

232 2684 458 2759 suadentibus
477 2684 726 2757 Cardinalibus
745 2683 847 2781 ipsas:
875 2687 1034 2783 quamvis
1048 2708 1162 2783 neque
1171 2687 1378 2760 Romanum
1388 2689 1486 2764 Pon·

230 2783 393 2873 tisicem,
419 2805 534 2876 neque
552 2779 630 2854 suos
648 2803 770 2854 omnes
788 2803 1020 2855 metuentem.
1109 2840 1118 2856 .

184 2882 353 2972 Secundo,
386 2877 591 2952 sententiam
620 2877 774 2951 nostram
802 2879 846 2950 de
873 2880 1103 2953 Sacramenta
1131 2879 1367 2954 Eucharilliae
1385 2885 1486 2982 Regi

229 2981 392 3076 placere,
426 2974 534 3072 ipsius
560 2996 678 3049 autem
706 2975 908 3075 Theologis
936 3001 1008 3049 non
1028 2979 1137 3066 item,
1163 3001 1203 3052 ut
1223 2980 1283 3072 qui
1303 2980 1484 3056 transsub-

230 3077 491 3148 stantiationem
520 3074 632 3146 velint
657 3073 772 3147 modis
800 3075 967 3146 omnibus
986 3072 1167 3147 servatam.
1208 3075 1350 3172 Regem
1370 3080 1486 3175 igitur

229 3193 388 3263 quaerere
411 3191 529 3261 certa,
556 3191 598 3242 ut
617 3170 742 3244 habeat
760 3171 858 3266 quod
877 3171 1063 3266 sequatur,
1088 3169 1155 3246 effe
1172 3173 1267 3244 enim
1286 3175 1399 3246 solum
1418 3181 1483 3273 qui

184 3312 188 3320 -
231 3267 268 3335 in
285 3289 397 3362 regno
414 3265 476 3339 suo
496 3269 661 3361 imperet.

179 3360 315 3449 Tertio,
350 3361 396 3434 de
415 3361 528 3435 Missis
559 3363 715 3452 (additur
734 3363 769 3432 in
787 3362 968 3458 margine:
996 3366 1039 3434 Iu
1055 3364 1141 3435 hunc
1155 3368 1335 3436 articulum
1353 3369 1484 3444 Orator

227 3462 330 3555 Regis
354 3463 455 3532 etiam
480 3467 590 3534 traxit
616 3467 820 3550 orationem,
866 3465 1134 3551 invocationem,
1169 3461 1211 3542 &
1237 3467 1484 3557 interceffiouem

189 3600 193 3606 -
230 3559 440 3638 Sannorum)
459 3577 623 3652 magnam
642 3558 709 3630 esl'e
726 3557 1008 3629 altercationem.
1045 3556 1120 3628 Hic
1137 3558 1251 3652 igitur
1268 3560 1411 3657 Regem
1433 3565 1483 3639 fic

228 3645 376 3722 sentire:
405 3652 678 3726 condonandum
697 3653 766 3727 esse
783 3678 802 3724 a
821 3643 947 3725 nostris
957 3652 1113 3749 aliquid,
1130 3655 1377 3730 immonostris
1387 3658 1483 3735 suam
1618 3692 1623 3703 ¹

799 3750 816 3821 l
847 3771 862 3846 3
1388 3758 1482 3832 Mis·

220 3890 270 3970 (a)
295 3887 424 3973 Reliqui
449 3888 496 3952 illi
518 3908 604 3958 erant
627 3892 707 3962 Phil.
726 3893 977 3978 Melanchtlton,
1001 3882 1231 3986 landgtauiei,
1257 3897 1375 3978 &Jncg
1391 3897 1483 3967 Stur-

176 3972 279 4058 nsrus,
303 3973 584 4061 Argentoratensrs.
