3322 4456
766 339 783 433 s
793 336 900 434 223·)

183 486 282 546 tetur
306 483 351 543 ut
376 487 442 565 par
467 460 531 538 csl.
562 461 703 537 Fateor
729 459 874 559 quidem
893 457 1132 539 moderationi
1149 462 1272 542 locum
1290 466 1360 546 ell'e
1376 469 1488 569 opor?

182 585 282 661 tere,
316 586 359 641 ut
375 564 619 640 extremitates
636 559 743 632 nimis
760 555 901 633 abscisae
919 582 1035 656 neque
1051 560 1112 634 hic
1124 561 1235 641 ¹utiles
1255 563 1347 661 sint,
1371 588 1488 669 neque

185 662 397 762 fimpliciter
429 658 666 758 usurpandae,
708 654 868 753 adeoque
893 659 1110 733 ceremonias
1137 657 1224 755 ipsas
1249 663 1419 740 ad=usum
1446 666 1494 746 &²

184 787 226 835 ca
254 783 331 836 tum
361 761 488 858 populi
514 755 582 831 csse
607 755 949 830 accommodandas:
984 754 1132 830 sednon
1150 760 1266 833 minus
1285 762 1488 840 constanter

182 884 202 933 a
246 884 345 952 rmo,
364 857 557 930 videndum
576 853 666 948 effe,
686 875 730 925 ne
746 848 811 926 sub
829 851 892 925 illo
911 874 1094 950 praetextu
1107 853 1485 958 tolereturquidquam

184 957 282 1052 quod
309 954 329 1029 d
357 955 484 1029 Sarana
501 953 558 1026 uel
579 947 805 1024 Antichristo
823 948 1024 1046 profectum
1045 951 1101 1026 fit.
1141 953 1232 1047 Quo
1250 956 1488 1051 pertinetilla

184 1055 386 1153 Scriptura
414 1050 585 1147 loquendi
614 1049 705 1123 ratio
731 1069 812 1143 quae
839 1049 876 1120 in
891 1047 1048 1123 historiis
1067 1073 1192 1150 regum
1209 1052 1303 1146 Judn
1320 1077 1393 1126 non
1410 1067 1484 1129 uno

182 1150 267 1224 loco
294 1168 417 1242 extat,
451 1152 488 1221 in
515 1148 702 1245 plerosque
727 1166 878 1243 nempe,
912 1148 974 1245 qui
999 1171 1109 1247 quum
1138 1148 1483 1247 idolasustuliffent,

180 1250 300 1321 omnia
327 1269 445 1321 tamen
472 1248 515 1319 ad
542 1245 664 1316 vivum
691 1265 765 1315 non
789 1242 1034 1320 resecuerunt:
1070 1246 1184 1341 banc,
1218 1249 1254 1321 in
1282 1273 1385 1343 uam,
1416 1248 1487 1325 illie

180 1342 337 1445 aspergit
365 1365 508 1434 notam,
543 1343 640 1440 quod
668 1340 900 1414 nihilominus
916 1340 1151 1442 excelsa-qun:
1170 1370 1235 1420 nos
1252 1272 1377 1421 sacella
1393 1345 1487 1420 dici·-

179 1464 283 1535 mur,
311 1444 348 1518 ὃ(
367 1443 449 1516 loca
466 1444 526 1514 illa
545 1440 663 1512 stultae
681 1438 868 1512 devotioni
886 1439 1003 1516 dicata
1019 1464 1092 1514 non
1108 1441 1331 1533 abstulerint.
1356 1444 1486 1544 Quum

180 1540 296 1636 igitur
320 1565 364 1613 eo
392 1562 504 1636 usque
530 1558 567 1611 tc
593 1537 697 1609 Deus
721 1537 950 1632 provexerit,
984 1536 1210 1636 Ampliffime
1233 1540 1417 1635 Domine,
1443 1541 1488 1621 dt

177 1660 324 1730 operam
343 1634 514 1728 obsecro,
540 1653 581 1708 ut
598 1635 673 1707 veri
693 1633 819 1730 templi
838 1631 946 1730 ipsius
963 1633 1228 1711 Reformatorie
1245 1660 1376 1713 nomen
1394 1637 1488 1712 rese·

177 1755 253 1823 ras,
287 1757 328 1808 ac
345 1732 501 1807 seculum
520 1731 591 1805 hoc
609 1729 673 1804 sub
694 1733 801 1829 Rege
818 1751 952 1826 nepote
969 1751 1057 1826 tuo,
1082 1731 1224 1831 piiffimi
1240 1734 1349 1830 Jofirc
1367 1735 1488 1810 scculo

176 1829 409 1928 respondeat:
444 1852 552 1927 atquc
568 1829 620 1901 ita
636 1830 760 1902 omnia
776 1828 839 1903 suo
855 1829 940 1902 loco
959 1854 996 1904 re
1024 1829 1113 1905 nfita
1131 1855 1255 1924 curet,
1282 1854 1324 1908 ut
1341 1834 1489 1933 Regem

177 1929 307 2004 deinde
334 1952 403 2002 una
428 1926 636 2003 sollicitudo
662 1926 797 2001 ordinis
820 1925 912 2001 bene
938 1854 1047 2023 posti
1074 1928 1305 2004 conservandi
1334 1951 1489 2028 maneat:

178 2023 364 2115 Proferam
393 2026 461 2098 tibi
487 2024 688 2098 illiusmodi
704 2025 991 2119 corruptelarum
1009 2030 1242 2122 exemplum,
1263 2030 1363 2125 quod
1382 2028 1490 2107 instar

176 2118 346 2199 'fermenti
365 2120 435 2193 ell'e
449 2120 577 2216 poffit,
595 2143 671 2216 quo
688 2119 793 2191 maffa
809 2121 949 2213 integra
962 2118 1089 2194 sanstae
1101 2125 1233 2196 Coenae
1247 2127 1489 2218 quodammo-

176 2215 227 2291 do
253 2213 434 2289 acefieret.
476 2215 601 2288 Audio
623 2214 766 2287 recitari
786 2211 869 2285 istic·
884 2215 920 2285 in
939 2214 1071 2290 Coenae
1090 2218 1331 2293 celebratione
1350 2226 1486 2297 oratio·

176 2336 259 2405 uem
278 2337 355 2411 ‚pro
379 2309 577 2385 defunctis:
613 2332 728 2404 neque
751 2334 838 2384 vero
856 2310 928 2383 hoc
946 2312 989 2384 ad
1010 2315 1214 2413 Purgatorii
1234 2317 1401 2414 Papistici
1422 2343 1487 2418 ap·

178 2410 433 2510 probationem
458 2407 583 2483 referri
609 2408 688 2481 satis
714 2405 800 2480 scio.
843 2408 977 2506 Neque
1001 2412 1109 2484 etiam
1136 2437 1194 2489 me
1220 2413 1306 2488 latet
1334 2414 1487 2513 proferri

178 2508 280 2607 posse
305 2505 851 2606 antiquumiitun'menrionis
876 2505 1125 2584 defunctorum
1153 2510 1348 2606 faciendae,
1382 2536 1425 2588 ut
1441 2539 1487 2590 eo

177 2605 292 2681 modo
318 2605 528 2680 communio
554 2602 904 2678 fideliumom'nium
931 2609 968 2678 in
985 2629 1095 2689 unum
1116 2632 1247 2705 corpus
1265 2610 1485 2710 conjundlo'·

176 2726 261 2787 xum
287 2702 508 2778 declaretur:
542 2700 601 2777 scd
618 2699 735 2775 obslat
753 2698 928 2774 invictum
947 2703 1035 2777 illud
1055 2726 1330 2804 argumentum,
1356 2732 1488 2808 nempe

179 2800 339 2879 Coenam
366 2801 521 2876 Domini
544 2822 619 2874 rem
643 2797 732 2873 adeo
748 2796 998 2874 sacrosanctam
1015 2799 1103 2898 csse,
1132 2826 1173 2880 ιιι
1191 2804 1275 2880 ullis
1295 2806 1485 2884 bominum

181 2899 434 2976 additamentis
450 2923 527 2974 eam
545 2895 781 2996 conspurcare
799 2895 844 2972 fit
861 2895 970 2974 nefas.

230 3000 428 3094 Praeterea,
447 2999 510 3072 nbi
529 2997 653 3072 Deum
672 2997 901 3090 invocamus,
920 3019 994 3071 non
1011 2995 1063 3074 est
1081 2998 1341 3100 indulgendum
1356 3001 1486 3082 nostrie

178 3091 390 3191 affectibus,
422 3095 479 3172 sed
497 3097 621 3195 potius
637 3095 762 3192 regula
780 3094 841 3169 illa
860 3097 1043 3171 retinenda
1059 3098 1111 3172 est
1129 3122 1234 3197 quam
1255 3100 1363 3175 tradit
1381 3107 1487 3198 Apo·

182 3190 318 3285 stolus,
353 3217 394 3268 ut
412 3195 560 3267 verbum
580 3193 652 3266 Dei
672 3215 737 3288 pro
756 3190 990 3266 fundamento
1008 3193 1215 3268 habeamus:
1244 3197 1304 3269 illa
1320 3222 1405 3271 vero
1423 3200 1488 3272 de·

181 3285 388 3363 functorum
406 3292 724 3382 commemoratio,
749 3311 833 3385 quae
849 3290 1007 3387 ipsorum
1026 3292 1291 3365 venerationem
1309 3295 1364 3367 vel
1383 3318 1486 3369 com·

181 3383 445 3460 mendationcm
472 3385 703 3486 conjunetam
729 3385 859 3483 habet,
885 3408 959 3460 non
983 3385 1174 3485 respondet
1191 3413 1285 3463 verae
1303 3415 1344 3464 ac
1365 3394 1489 3492 legiti-

183 3506 253 3558 mae
282 3483 377 3561 redte
403 3487 526 3560 orandi
545 3484 785 3577 institutioni,
809 3509 852 3560 ac
871 3485 1020 3580 proinde
1035 3483 1269 3561 assumentum
1287 3488 1361 3582 est,
1387 3493 1487 3589 quod

182 3581 221 3654 in
248 3579 368 3657 Ccena
395 3583 547 3657 Domini
575 3584 676 3658 nullo
703 3583 814 3657 modo
840 3581 1024 3658 serendum
1053 3582 1108 3659 sit.
1151 3585 1244 3662 Sunt
1271 3588 1307 3662 δι
1331 3589 1397 3662 alia
1414 3614 1488 3665 non

182 3679 332 3777 perinde
357 3681 553 3756 damnanda
578 3679 741 3777 fortasse,
775 3680 834 3756 sed
851 3703 969 3756 tamen
986 3681 1163 3780 ejusmodi
1181 3704 1222 3759 nt
1238 3685 1395 3760 excusari
1414 3711 1489 3762 non

183 3774 342 3875 pnffiut,
383 3782 538 3854 chrisma
570 3780 744 3856 videlicet
776 3780 815 3856 δι
843 3778 1021 3857 unctionis
1046 3783 1266 3857 cerimonia:
1314 3783 1487 3881 siqnidem

181 3875 338 3952 chrisma
355 3877 445 3955 illud
463 3878 625 3956 inventio
639 3876 694 3954 est
713 3875 843 3954 frivola
859 3879 1006 3956 illorum
1022 3881 1086 3978 qui
1098 3882 1174 3981 jam
1184 3882 1273 3958 olim
1285 3880 1491 4053 inDomtipi.

1385 4001 1423 4052 ιιι
1456 4002 1486 4054 r·
