3322 4456
181 387 345 485 ama
503 338 1144 461 uauovnrr
1410 409 1482 489 2„

182 515 380 591 minoribua
402 511 628 587 Monasteriis
647 507 815 582 omnibus
832 507 891 580 vel
910 503 1039 581 fanum
1059 508 1143 583 esset
1161 509 1217 582 vel
1230 509 1482 608 approbatum.

179 611 443 686 Parlamenturn
463 608 557 678 enirn
578 607 623 678 A.
638 616 740 700 ¹53⁶·
767 628 849 676 cum
870 607 988 698 turpia
1006 606 1064 676 illa
1083 607 1120 680 br
1140 607 1279 678 insandu
1296 608 1405 684 essent
1423 632 1479 682 rc·

178 707 276 799 luta,
310 731 379 782 una
404 706 484 796 lege
509 702 567 775 sex
595 701 633 775 ὃ(
658 700 882 797 septuaginta
906 704 1006 795 supra
1030 722 1202 774 trecentas
1220 705 1269 792 (a)
1294 704 1480 802 suppressit

178 807 332 882 minores
352 800 543 891 Abbatiaa,
569 799 682 870 tribus
702 795 789 870 verb
808 799 906 869 anuis
925 798 1028 892 post,
1051 801 1158 871 etiam
1178 800 1328 896 reliquae
1347 804 1384 876 bt
1405 826 1479 878 maa

177 900 295 993 jures,
321 918 513 991 earumque
531 896 693 967 omnium
711 895 804 984 bona
831 897 929 989 Regi
946 896 1107 968 donavit.

226 995 323 1083 Quae
342 1018 416 1084 res,
442 1017 525 1067 cum
545 992 699 1064 multum
719 992 848 1064 habere
865 993 1046 1064 videretur
1062 1014 1107 1063 ex
1124 992 1248 1086 iniquo
1264 992 1343 1085 (b),
1370 994 1407 1067 δι
1423 994 1477 1083 inp

179 1089 297 1185 dignis
323 1092 546 1184 acciperetur
572 1090 708 1178 modis,
734 1113 807 1160 non
824 1088 1058 1162 amonachis
1076 1086 1240 1183 tantiam,
1266 1093 1327 1185 qui
1346 1112 1478 1189 magno

178 1209 280 1263 erunt
299 1212 469 1276 numero,
488 1188 657 1281 usquead
676 1184 799 1258 decem
818 1184 1014 1280 millia(c),
1032 1210 1229 1282 eorumque
1242 1187 1480 1285 propinqui'e,

178 1283 235 1360 sed
263 1287 323 1377 dt,
356 1303 429 1361 turn
455 1281 476 1354 ai
502 1282 723 1375 Nobilibus,
758 1282 820 1379 qui
846 1289 1084 1380 praeterquam
1112 1285 1231 1379 quod,
1257 1307 1367 1381 quum
1389 1282 1479 1357 libe,

176 1405 295 1459 rorum
324 1384 430 1479 copia
456 1381 560 1453 nimis
587 1380 828 1469 abundarent,
856 1387 991 1476 partem
1010 1404 1135 1453 eorum
1156 1381 1346 1470 huicvitae
1365 1380 1478 1461 devo·

177 1501 259 1549 vere
283 1501 384 1551 erant
409 1478 525 1567 soliti,
559 1476 652 1550 bona
670 1478 738 1548 illis
756 1476 892 1568 ablata,
920 1477 963 1549 ad
983 1475 1056 1550 suas
1074 1500 1163 1576 ergo
1181 1477 1352 1568 familias,
1383 1476 1479 1566 unde

177 1573 316 1651 fuerant
341 1575 429 1656 olim
449 1572 632 1672 prosodia,
659 1577 790 1646 reverti
809 1572 965 1646 debuisse
984 1572 1193 1667 censebant,
1218 1593 1289 1649 tum
1308 1573 1329 1648 ai
1346 1574 1475 1668 Pube,

174 1695 258 1767 quae
284 1674 322 1747 in
350 1673 476 1756 itinere
493 1670 680 1763 faciendo,
707 1695 775 1768 pro
791 1694 890 1761 more
909 1672 1003 1743 illius
1022 1675 1215 1768 temporis,
1242 1674 1384 1769 quando
1402 1693 1480 1748 rart

172 1770 292 1849 adbuc
309 1790 408 1845 erant
429 1772 465 1842 in
484 1771 550 1842 uiis
570 1769 783 1862 diversoria,
809 1767 906 1843 tcdto
927 1770 1194 1868 plerumque&
1215 1771 1331 1846 mensa
1349 1767 1370 1842 ὲ
1387 1770 1477 1843 Mo·

171 1869 297 1943 trachia
313 1867 600 1964 excipiebantur.
1001 1958 1003 1961 .

220 1967 305 2040 Rerr
330 1988 419 2060 ergo
436 1990 483 2038 ex
502 1964 652 2039 conblio
671 1964 888 2041 Cromwelli
910 1963 989 2057 (d),
1014 1984 1057 2038 ut
1077 1963 1371 2040 invalescentibus
1389 1964 1427 2036 in
1443 1960 1480 2047 se

170 2059 317 2145 susurria
339 2062 487 2144 obuiam
513 2067 602 2152 iret,
637 2065 675 2136 bc
703 2064 871 2135 Proceres
892 2061 1032 2157 insuper
1049 2060 1117 2134 suis
1136 2062 1298 2160 partibus
1316 2062 1479 2136 devincis·

171 2177 251 2243 tat,
284 2159 452 2246 pleraque
472 2159 631 2249 praedia,
667 2159 724 2227 vel
752 2158 823 2228 leui
850 2158 990 2250 prorsus
1007 2161 1124 2251 pretio
1143 2161 1306 2231 vendidit
1325 2159 1479 2243 Nobili·
1587 2190 1589 2194 ·

171 2249 263 2340 litu,
288 2251 348 2322 uel
365 2271 448 2327 eum
468 2253 655 2326 vilioribus
672 2249 783 2346 long&
803 2253 1046 2342 permutavit,
1072 2253 1128 2325 sed
1147 2279 1188 2326 ea
1206 2258 1309 2351 lege,
1327 2276 1369 2328 ut
1387 2256 1478 2343 iniia
1541 2340 1544 2347 1

170 2349 211 2423 dt
234 2345 303 2442 ipsr
320 2344 482 2442 benigno
499 2346 704 2439 acciperent
719 2347 876 2418 viatores
894 2345 1067 2442 hospitio.
1462 2434 1464 2439 Ι

222 2445 308 2517 Nec
334 2462 462 2516 tamen*¹
480 2443 656 2515 omnibus
675 2441 731 2514 vel
760 2441 809 2519 fic
828 2439 1022 2516 satisfacere
1041 2443 1186 2540 potuit,
1219 2445 1368 2519 minime:
1387 2444 1475 2532 verb

96 2573 99 2578 ·
172 2541 239 2631 iis,
258 2544 318 2636 qui
338 2540 522 2637 religionis
540 2538 614 2620 suae
630 2539 747 2612 studio
765 2539 892 2612 istbaec
909 2540 1196 2632 detestabantur,
1214 2543 1417 2625 nadaberes
1436 2546 1475 2631 ip

170 2637 1475 2735 ciuilermorterupittumultus‚annirsequentibusdemumcomposatoa.

219 2747 250 2822 ὁ.
269 2735 508 2817 Lxxxr-v:
528 2735 598 2809 Sed
618 2735 678 2825 &‚
704 2735 774 2809 fuit
790 2737 829 2806 in
844 2734 1017 2832 Synodo,
1031 2756 1117 2832 quar
1134 2757 1214 2808 turn
1230 2736 1475 2829 celebrabatur
1599 2791 1602 2797 .

169 2832 549 2921 LONDINENSI,
566 2834 687 2928 magni
695 2834 872 2911 momenti
885 2831 1035 2927 quaestio
1046 2833 1302 2932 redintegrata,
1320 2834 1473 2928 „dcadp

167 2932 365 3027 „ornanda
375 2929 577 3003 bibliorum
591 2932 628 3002 in
645 2930 802 3028 linguam
814 2932 1037 3004 vernaculam
1048 2933 1298 3025 translatione,
1314 2934 1475 3032 Μαθίᾳ
1561 2930 1566 2941 ’

170 3029 488 3125 „omneallngliae
500 3026 677 3101 Ecclesiae
694 3028 995 3120 introducenda„
1021 3031 1106 3104 Rex
1116 3031 1153 3102 in
1163 3054 1238 3104 earn
1249 3033 1474 3117 concedebat

169 3125 402 3217 sententiam,
429 3125 583 3198 nonalia
599 3123 731 3199 ‚danus
748 3127 908 3218 ratione,
930 3151 1063 3222 quam,
1083 3147 1124 3200 ut
1143 3131 1199 3201 vel
1217 3129 1268 3200 ita
1285 3129 1380 3200 illam
1399 3127 1419 3199 al
1438 3130 1473 3215 se

172 3223 382 3296 amoliretur.
398 3223 634 3314 calumniam,
652 3222 747 3318 quafi
764 3225 929 3298 Uxorem
944 3223 1473 3313 dimittendoffiernchin

170 3316 341 3413 Papalem
366 3321 585 3411 evertendo,
607 3319 787 3414 peccasset
806 3322 968 3396 adversus
986 3324 1209 3412 Scripturam
1227 3323 1267 3395 S.
1295 3323 1472 3395 Cranmcv

169 3423 236 3490 rua'
255 3440 398 3511 autem,
427 3417 700 3510 Cronwellua,
730 3417 780 3490 ἀ·
796 3417 925 3514 reliqui
944 3419 1213 3492 Reformationi
1231 3419 1410 3511 faventes,
1430 3418 1472 3495 id

66 3542 75 3560 ·
169 3516 362 3589 omuinisu
379 3519 554 3615 agebant,
573 3518 671 3616 quod
690 3515 954 3686 praepidkerent,
970 3518 1061 3590 nihil
1080 3520 1324 3618 opportunius
1339 3518 1383 3593 ad
1392 3520 1471 3690 {leo

806 3676 810 3682 .
838 3654 840 3658 ·
867 3636 889 3687 2
1013 3661 1017 3669 ,
1068 3644 1070 3648 “
1413 3640 1473 3697 otu

229 3754 262 3832 a)
286 3751 508 3822 BURNET.
534 3761 599 3824 loc.
615 3716 669 3824 cit.
693 3776 807 3841 prro.
826 3779 898 3824 111.

226 3840 277 3917 bl·
291 3835 518 3905 PERIZON.
541 3841 620 3905 Hill.
645 3843 718 3907 Sec.
734 3839 835 3909 XVl.
854 3863 925 3931 pag.
944 3862 1017 3928 224.
1035 3860 1109 3927 2²5·

212 3925 227 4004 (
250 3924 267 4088 3
288 3918 505 3986 BURNET.
531 3925 583 3987 lib.
601 3924 653 3989 cit.
676 3925 817 3991 folrad.

212 3943 249 4088 (d
289 4001 511 4074 BURNET.
535 4009 558 4071 1.
576 4028 607 4074 c.
629 4007 801 4090 suidam
