3322 4456
728 322 860 423 (toi.)

142 448 407 530 vehementiora
429 448 497 548 piis
513 442 591 522 fore
608 467 691 520 cum
709 451 939 542 Antichristo,
973 445 1191 524 vaticinatur
1209 447 1247 525 δι
1267 450 1446 528 Antichri·

135 553 224 645 stain
259 549 425 644 stipatum
460 545 626 620 satellitio
655 547 792 639 ingenti
820 547 1107 643 Episcoporum,
1150 549 1445 644 hypocritarum,

142 648 374 742 Principum,
400 643 660 716 adversaturum
679 640 747 714 else
765 645 929 735 veritati,
956 639 1225 716 interfedlurum
1246 645 1337 738 pios.

190 744 286 817 Haec
311 742 388 813 fieri
416 762 510 811 nunc
538 763 590 811 res
616 740 776 831 loquitur
794 740 884 836 ipsa.
927 743 1073 814 Romani
1098 740 1302 835 Episcopit
1330 742 1447 818 rannir

143 844 272 937 partim
283 839 429 910 invexit
446 860 580 908 errores
598 838 634 905 iii
655 835 874 928 Ecclesiam,
894 842 1022 935 partim
1034 836 1282 929 confirmavit,
1348 862 1446 913 nunc

143 961 264 1011 tuetur
291 935 445 1025 viribus,
481 953 521 1003 ut
547 933 718 1024 praediiiit
744 936 887 1009 Daniel.
928 935 1181 1007 Gaudebamus
1208 956 1325 1007 autem
1346 956 1381 1007 te
1398 936 1444 1010 ab

141 1058 185 1105 eo
207 1030 403 1132 sejundlum
424 1028 513 1120 else,
545 1053 585 1100 ac
605 1028 824 1124 sperabamus
843 1031 943 1122 fore,
979 1050 1019 1102 ut
1038 1031 1192 1128 Anglica
1212 1031 1372 1104 Ecclesia
1388 1055 1446 1106 re·

142 1131 365 1204 floresceret:
393 1127 462 1199 Sed
484 1127 653 1220 Episcopi
674 1128 726 1197 tui
746 1150 818 1199 non
836 1129 915 1202 sunt
932 1125 1042 1201 avulsi
1062 1126 1082 1199 a‘i
1101 1132 1250 1201 Romano
1266 1131 1447 1203 Antichri-

133 1231 215 1324 sto,
250 1221 630 1311 illiusldololatriam,
665 1245 819 1317 errores,
855 1229 963 1317 vitia,
992 1244 1151 1298 tuentur.
1186 1226 1285 1298 Nam
1304 1225 1447 1300 articuli

141 1348 238 1397 nunc
256 1323 343 1395 editi
363 1318 477 1392 astute
495 1317 621 1391 deiecti
641 1317 741 1392 sunt:
773 1322 990 1396 confirmarit
1010 1345 1132 1393 omnes
1151 1322 1317 1395 humanas
1336 1323 1447 1396 tradi·

39 1503 42 1509 ,
142 1427 256 1495 tiones
281 1443 363 1490 cum
387 1418 566 1488 stabiliunt
590 1418 776 1512 praecipue
799 1420 916 1510 Vota,
945 1419 1170 1492 Coelibatum
1190 1423 1226 1493 &
1247 1417 1448 1493 Conseffio·

141 1542 235 1591 nem.
268 1517 444 1588 Muniunr
462 1536 534 1582 non
554 1509 667 1585 solitni
687 1517 937 1606 autoritatem,
962 1515 1018 1586 sed
1039 1518 1160 1587 omncs
1178 1539 1336 1608 errores,
1362 1540 1447 1613 cum

70 1636 78 1649 ⁸
141 1619 296 1689 retinent
316 1614 487 1706 privatam
513 1609 670 1681 Missam.
697 1611 754 1681 lta
771 1632 845 1683 arte
864 1633 1056 1704 caverunt,
1077 1613 1173 1683 nulla
1190 1633 1230 1683 ut
1243 1613 1448 1689 emendatio

141 1713 279 1785 inllitui
300 1706 424 1802 poffit,
456 1707 611 1801 dignitas
631 1709 669 1779 &
687 1730 772 1801 opes
789 1710 825 1780 iti
846 1729 927 1780 tuto
947 1707 1025 1780 sirit.
1063 1709 1150 1781 Hoc
1168 1709 1274 1806 egisse
1294 1710 1448 1806 Episco-

140 1834 206 1905 pos
225 1832 278 1881 res
295 1805 451 1877 ostendit
468 1804 552 1897 ipsa.
572 1805 666 1896 Quis
683 1826 801 1876 autem
819 1830 890 1878 non
908 1804 1029 1878 doleat
1048 1806 1096 1877 fic
1113 1810 1271 1902 opprimi
1290 1808 1448 1906 gloriam

142 1903 295 2002 Christi?
325 1902 494 1991 Etenim,
520 1920 560 1971 ut
578 1903 677 1990 dixi,
701 1924 773 1973 iion
793 1923 931 1975 tantum
950 1905 995 1974 de
1013 1902 1065 1975 his
1083 1905 1264 1996 articulis,
1292 1927 1449 1999 quorum

141 2006 192 2077 ibi
213 2006 255 2074 fit
273 2000 430 2087 mentio,
459 1999 599 2092 agitur:
626 2001 884 2092 opprimuntur
903 2001 1059 2073 Articuli
1078 2003 1200 2072 caeteri
1220 2025 1362 2096 quoque
1381 2026 1450 2100 pu·
1535 2031 1539 2038 ·

62 2151 66 2159 -
142 2102 243 2172 riotis
270 2096 443 2168 dodlrinae
471 2117 612 2164 omnes:
650 2096 688 2163 Si
717 2097 835 2166 cultus
856 2097 1000 2166 humani
1019 2097 1195 2168 necessarii
1217 2100 1449 2175 &retinendi

141 2197 244 2283 sunt,
272 2196 364 2279 Car,
391 2189 510 2281 inquit
529 2187 701 2278 Christus,
720 2190 860 2281 Frustra
878 2197 986 2264 colunt
1003 2216 1053 2264 me
1069 2197 1237 2265 mandaris
1253 2195 1450 2271 hominum?

144 2291 223 2365 Cur
242 2288 348 2361 toties
367 2281 560 2355 detestatur
578 2285 712 2354 Paulus
730 2284 896 2357 humanas
915 2286 1147 2361 traditiones?

190 2387 231 2461 N
236 2411 283 2459 ori
301 2380 352 2457 est
369 2380 447 2452 leve
463 2399 676 2473 peccatum,
694 2379 876 2454 instituere
886 2385 1004 2456 cultus
1017 2383 1261 2474 finemundato
1273 2385 1368 2480 Dei,
1384 2407 1448 2464 aut

143 2485 229 2559 tales
246 2483 365 2557 cultus
383 2477 580 2550 defendere.
614 2476 718 2547 Hanc
737 2480 916 2551 audaciam
938 2484 1038 2554 Deus
1059 2484 1278 2555 horribiliter
1296 2485 1448 2562 detesta-

142 2605 224 2672 tur,
243 2582 304 2675 qui
322 2577 400 2648 vult
418 2574 562 2670 agnosci
583 2576 619 2646 iii
638 2574 750 2645 verbo
769 2574 851 2667 suo,
872 2602 943 2650 non
963 2579 1041 2650 vult
1061 2578 1149 2676 fingi
1168 2578 1358 2675 religiones
1378 2584 1446 2656 hu·

142 2699 248 2752 mano
269 2674 441 2763 arbitrio,
475 2672 610 2766 alioqui
628 2694 749 2744 omncs
768 2678 928 2747 omnium
947 2677 1110 2772 gentium
1131 2675 1319 2771 religiones
1337 2678 1448 2755 essent

142 2773 350 2874 probandae.
383 2769 474 2842 Non
493 2770 673 2861 innitaris,
700 2770 839 2865 inquit,
866 2774 1064 2866 prudentiae
1085 2794 1179 2863 tuae,
1204 2771 1259 2844 scd
1280 2777 1449 2870 Christum

143 2872 261 2965 mifit,
287 2874 383 2945 hunc
399 2868 504 2963 jubet
520 2868 663 2955 audire,
692 2890 762 2939 non
780 2869 966 2943 hominum
985 2869 1182 2944 astutorum
1201 2871 1365 2968 inventa,
1383 2873 1446 2973 qui

142 2973 334 3069 religiones
354 2985 591 3060 attemperant
610 2967 678 3039 suis
697 2966 921 3041 utilitatibus.

190 3066 329 3160 Portb,
364 3067 515 3161 privata
538 3062 678 3155 Miffae,
716 3063 833 3152 Vota,
870 3066 1096 3156 Coelibatus,
1134 3066 1367 3159 Enumeratio
1385 3065 1448 3142 de·

142 3164 311 3238 littorum
341 3163 376 3232 in
405 3160 651 3250 confessione,
684 3178 727 3231 ut
751 3160 910 3252 constat,
945 3163 1021 3234 sunt
1041 3165 1160 3237 cultus
1177 3164 1220 3234 ab
1241 3166 1447 3239 bominibus

142 3260 309 3334 instifuti.
346 3256 422 3329 Etsi
442 3258 676 3330 enimCoena
693 3256 843 3328 Domini
863 3256 883 3327 ὲ
902 3259 1032 3348 Christo
1049 3259 1211 3330 instituta
1228 3261 1301 3350 est,
1327 3282 1448 3334 tamen

141 3360 279 3455 privata
305 3353 414 3426 Missa
439 3353 491 3426 est
518 3354 625 3450 impia
654 3355 890 3450 propbaiiatio
918 3354 1050 3427 Coenae
1081 3355 1243 3427 Domini.
1286 3358 1385 3428 Nam
1407 3357 1444 3432 in
1508 3409 1511 3414 -
1599 3451 1604 3460 ¹

143 3457 293 3530 Conone
318 3470 489 3550 quantum
518 3453 569 3526 est
590 3450 750 3541 sceleris,
783 3451 844 3550 qui
863 3452 1003 3548 inquit,
1038 3447 1237 3536 hicofferri
1256 3456 1445 3548 Chridarri,

144 3556 182 3629 ἂ
212 3556 282 3625 hoc
309 3574 401 3649 opus
426 3548 640 3623 sacrificium
667 3548 764 3638 eise,
791 3551 887 3647 quod
915 3549 1064 3624 redimat
1082 3550 1183 3621 vivos
1202 3549 1238 3624 ὅ(
1258 3552 1458 3625 mortuns?¹

142 3652 241 3725 Haec
259 3673 331 3722 non
348 3647 428 3721 sunt
444 3649 606 3721 instituta
625 3647 646 3721 a
664 3647 816 3742 Christo,
836 3647 911 3717 imo
928 3647 1179 3743 multipliciter
1192 3670 1349 3746 pugnant
1362 3672 1446 3723 ciim

145 3748 378 3844 Evangelio„
402 3769 475 3818 noir
500 3747 579 3820 vult
604 3745 638 3818 se
664 3741 786 3818 offerri
806 3745 957 3837 Chrrstas
973 3743 994 3815 ὲ
1012 3743 1238 3837 sacrificulis,
1271 3768 1337 3816 nec
1354 3737 1461 3839 o‘pus‘

143 3845 235 3919 illud
261 3840 446 3960 offerentis
470 3862 532 3919 aut
558 3843 727 3918 sumentis
748 3841 962 4012 sacrificium
981 3859 1047 3940 pro
1065 3843 1141 3919 aliis
1157 3843 1232 3917 tillo
1250 3842 1359 3916 inodo
1377 3838 1459 3915 esse1

816 3963 838 4011 c
1378 3959 1447 4033 1³0·
