3322 4456
189 346 260 429 ³¹4
389 320 771 399 HISTORIA
813 322 1255 409 EVANGELII
1315 339 1484 442 A.t542.

187 474 391 552 temporum
420 453 647 551 susciperent.
697 450 768 527 Sed
794 476 834 524 ea
861 456 1002 549 piorum
1023 456 1099 554 spes
1123 458 1320 539 Cardinalis
1348 470 1392 560 (is
1410 489 1486 542 erat

188 553 310 627 David
344 555 540 646 Betonius,
585 549 887 647 Archiepiscopus
924 553 1011 624 Fani
1047 556 1258 651 Andreae‚)
1292 562 1421 638 astutiis
1448 569 1487 643 &

190 653 356 724 excitatis
382 651 639 739 seditionibus,
674 646 789 717 omnis
816 648 956 720 tandem
985 651 1201 745 decollavit,
1236 678 1341 753 atque
1366 686 1410 735 eo
1436 688 1490 738 res

192 748 336 821 demum
364 748 502 821 redasta
528 748 618 836 suit,
653 763 692 815 ut
718 743 965 817 Hamiltonius
985 748 1139 840 Protex,
1167 775 1239 824 non
1258 754 1351 830 fidus
1370 760 1490 831 Evan-

192 846 321 940 gelicae
349 844 521 917 dostrinae
549 842 694 930 alsccla,
721 840 762 910 ad
787 840 1067 915 sacrificulorum
1089 867 1216 920 nutum
1235 853 1496 952 circumadius,

194 964 269 1013 non
286 944 451 1038 equidem
472 942 677 1036 propalam,
703 934 759 1006 sed
779 957 893 1010 tamen
915 941 950 1009 in
970 943 1046 1012 aede
1065 941 1095 1012 F
1099 946 1406 1044 ranciscanorum,
1431 978 1495 1026 co·

196 1037 273 1110 raim
298 1043 441 1136 Regina
460 1039 585 1127 vidua,
614 1036 650 1107 ἂ
673 1033 871 1104 aulicorum
891 1037 953 1130 qui
972 1038 1123 1131 Papatui
1142 1038 1308 1120 favebant
1328 1051 1497 1143 primori·

197 1135 286 1228 bus,
314 1136 518 1208 sententiam
544 1133 637 1204 suatn
666 1131 709 1199 de
727 1130 903 1222 capitibus
921 1131 1105 1228 religionis
1123 1144 1362 1217 controverfis
1381 1168 1498 1221 muta·

197 1254 276 1325 ret,
296 1231 590 1329 &paenitendum
610 1227 740 1323 pariter
758 1250 799 1297 ac
819 1225 1029 1322 probrosum
1045 1230 1198 1308 levitatis
1211 1234 1389 1332 specimen
1404 1267 1499 1339 prae-

197 1329 312 1402 beret.
356 1327 488 1415 Certe,
525 1347 601 1397 turn
627 1345 744 1394 retum
763 1321 863 1394 scena
880 1323 1148 1422 adeomutata,
1173 1353 1214 1404 ut
1232 1334 1378 1410 biennio
1397 1344 1503 1438 post,

199 1426 398 1499 Cardinalis
420 1427 493 1520 jam
522 1445 637 1494 rerum
666 1440 814 1514 potens,
850 1421 1117 1497 Hamiltonium
1149 1430 1365 1532 Proregem,
1394 1462 1501 1534 quem

199 1524 250 1595 ita
270 1522 333 1592 sibi
353 1523 551 1593 reddiderat
571 1518 845 1612 obsequentem,
863 1538 905 1591 ut
924 1521 968 1592 dc
986 1521 1138 1616 imperio
1156 1524 1264 1602 solam
1282 1531 1503 1608 audioritatis

197 1618 360 1692 umbram
381 1621 569 1706 retineret,
597 1614 712 1711 specie
729 1611 955 1689 sonandarum
974 1621 1023 1709 (a)
1050 1622 1228 1714 partium,
1254 1649 1336 1721 quae
1355 1629 1501 1704 seditio.

197 1716 302 1788 nibus
332 1735 431 1786 erant
458 1714 660 1803 convulsae,
704 1733 767 1806 per
793 1716 974 1808 proximas
999 1718 1161 1810 regiones
1187 1721 1475 1800 circumduceret
1485 1758 1501 1813 5

198 1814 360 1887 Primum
389 1813 555 1886 Parthum
580 1813 630 1882 ell
651 1827 811 1882 ventum.
847 1810 905 1882 lbi
920 1831 1074 1907 quatuor
1092 1813 1272 1907 homines,
1307 1823 1404 1915 quod
1423 1845 1501 1895 car·

199 1933 283 1984 nem
302 1911 360 1983 die
379 1912 493 1982 vetito
512 1905 763 1998 comedissent,
791 1905 968 2004 supplicio
985 1905 1222 2001 sunraffest15
1250 1917 1401 2010 mulier,
1420 1942 1507 1994 cunt

198 2008 414 2105 parturiret,
434 2007 529 2103 quod
549 2010 723 2128 virginem
743 2007 897 2080 Mariam
916 2009 953 2079 in
970 2008 1143 2079 auxilium
1163 2017 1506 2115 opemqueejusim.

199 2106 339 2201 plorare
356 2106 542 2200 noluisset,
561 2130 632 2178 una
651 2128 733 2177 cum
750 2126 853 2201 partu
863 2103 1020 2179 extincta
1029 2101 1092 2177 est.
1118 2105 1508 2208 Taurianumfflundee)

200 2203 284 2275 inde
311 2202 482 2298 protecti,
520 2204 583 2302 ipsi
604 2205 846 2301 praedicabant
866 2203 899 2279 se
917 2208 968 2278 ire
983 2204 1026 2278 ad
1047 2227 1171 2301 poenas
1189 2208 1234 2282 de
1254 2211 1360 2285 Novi
1380 2214 1509 2288 Testa·

200 2303 313 2375 menti
336 2301 527 2376 ledioribus
546 2303 738 2376 sumendas.
783 2304 880 2376 Nam
902 2302 962 2375 illa
980 2302 1190 2402 tempestate
1207 2306 1244 2377 id
1262 2310 1356 2382 inter
1373 2314 1509 2406 gravis·

201 2399 288 2473 fima
303 2403 452 2475 crimina
469 2401 741 2491 numerabatur,
761 2420 928 2494 curitaque
945 2424 1020 2476 erat
1038 2405 1213 2495 coecitas,
1232 2423 1273 2476 ut
1286 2403 1511 2482 sacerdotum

199 2499 383 2597 plerique,
416 2502 586 2575 novitatis
611 2501 756 2572 nomine
777 2493 927 2588 offenfi,
961 2500 1242 2589 contenderent,
1276 2525 1357 2573 eum
1378 2504 1511 2581 librum

200 2621 316 2692 nuper
343 2599 363 2670 ὲ
387 2602 550 2671 Martino
568 2598 733 2669 Lutlrero
751 2595 947 2692 scriptum,
973 2622 1014 2669 ac
1034 2597 1150 2670 Vetus
1168 2596 1438 2673 Testamentum
1457 2626 1510 2672 rc·

201 2693 400 2786 poscerent.
435 2694 631 2767 Cardinalis
650 2694 792 2779 saltem,
816 2713 1000 2783 peragrata
1015 2716 1099 2763 cum
1122 2697 1276 2799 Prorege
1293 2697 1383 2761 bene
1398 2696 1512 2762 multa

92 2848 94 2855 ,
202 2791 392 2883 regionum
414 2811 533 2882 parte,
570 2788 801 2858 nihileorum
823 2785 1036 2868 omittebat,
1072 2808 1152 2869 quac
1174 2791 1357 2851 inimicum
1377 2786 1453 2877 ejus
1473 2789 1508 2858 in

202 2907 263 2957 eos
291 2886 353 2975 qui
382 2884 548 2978 religioni
577 2879 776 2950 instaurata·
797 2877 984 2964 favebant,
1012 2895 1164 2964 quorum
1180 2878 1254 2968 jam
1274 2899 1422 2974 magnus
1442 2906 1508 2954 nu·

202 3001 321 3054 merus
340 2998 414 3048 erat
436 2981 470 3047 in
492 2971 635 3064 Scotia',
661 2975 816 3042 animum
838 2968 994 3040 indicare
1013 2986 1202 3063 poterant,
1220 2973 1320 3066 quod
1340 2979 1509 3076 deinceps

201 3079 240 3151 in
260 3076 415 3172 Georgii
435 3071 673 3169 Sophocardii
695 3065 796 3153 (disti
817 3069 967 3161 proprio
985 3067 1130 3140 numine
1144 3070 1305 3145 Wishart
1328 3072 1508 3152 fit‘eGuis·

201 3179 285 3252 card
301 3173 381 3268 (b))
409 3172 601 3269 martyrio,
637 3167 713 3262 ejus
741 3161 958 3260 potissimum
986 3165 1198 3241 auctoritate
1226 3170 1417 3266 consecto,
1452 3177 1509 3250 led

203 3279 263 3351 cui
279 3276 403 3348 'tamen
421 3268 493 3368 ipse
512 3291 583 3340 non
602 3266 663 3337 diu
681 3263 879 3368 superfuit,
906 3265 1092 3340 luculento
1111 3272 1227 3362 patuit
1246 3269 1393 3343 indicio.

1353 3381 1383 3453 §.
1403 3370 1509 3447 CIV.

246 3535 295 3615 (a)
318 3526 613 3630 BUCHleAN.
636 3550 694 3594 rer.
721 3528 841 3594 Scotic.
867 3525 908 3594 L.
926 3525 1008 3594 XV.
1031 3548 1059 3593 c.
1076 3525 1248 3594 XXVlll.
1271 3552 1297 3613 p.
1320 3550 1391 3614 529.
1421 3539 1510 3604 cons.

204 3611 401 3686 THUAN.
425 3613 544 3682 Histor.
569 3619 619 3680 lib.
639 3614 699 3680 Ill.
723 3635 752 3678 c.
773 3613 872 3680 XlV.
896 3612 1038 3691 sol.ri7.

246 3718 299 3798 (b)
325 3710 460 3777 Nomen
484 3712 677 3799 Sophocardii
704 3711 754 3777 fibi
780 3710 935 3775 confinxit
952 3706 1304 3775 uUClraNnNUs
1322 3731 1359 3776 ex
1377 3735 1464 3798 copi,
1482 3719 1512 3781 ἀ

203 3805 336 3899 sapiam
370 3832 445 3875 curn
471 3826 576 3875 tamen
600 3813 661 3874 hoc
679 3827 794 3872 vetum
812 3807 1012 3889 cognominis
1029 3806 1169 3870 ssishart
1187 3822 1319 3887 etymon
1337 3829 1400 3871 non
1420 3812 1510 3890 ellet,

207 3899 321 3983 quippe
338 3897 427 3978 quod
443 3897 562 3979 origine
580 3896 746 3961 Gallicum
764 3893 847 3957 idern
865 3893 1029 3955 denotabat
1046 3910 1121 3956 cutn
1139 3892 1511 3963 nomiueGatricou’nis-

207 3984 297 4066 card,
323 3984 412 4067 quud
429 3981 628 4049 etiamnunc
645 3978 724 4045 inter
741 3976 859 4043 Gallos
876 3976 934 4042 usu
952 3978 1059 4043 tritum
1075 3975 1129 4041 cll.
