3322 4456
133 285 316 373 ³hver'rionl
461 273 1240 365 RENovnT1.-f
1386 300 1435 380 ²5

132 413 258 489 Gallos
275 412 354 487 suos
372 406 545 484 coelestia·
557 405 673 481 Verbi
691 402 805 474 divini
823 396 951 471 semina
967 401 1168 502 spargeret,
1192 396 1430 500 ecclesieque

130 512 332 607 pomoeria,
365 527 538 602 quantum
566 506 603 574 in
628 502 662 573 se
686 497 793 586 esset,
828 497 1059 589 proveheret:
1087 506 1196 576 Meris
1213 498 1429 574 adversario·

128 631 210 679 rum
238 606 409 678 violentia
435 602 553 699 pulsus
570 599 644 692 (a),
678 600 941 687 Argentoratum
967 597 1154 689 conceffit,
1185 598 1307 695 ibique
1323 600 1427 695 quie·

130 722 205 776 tem
234 727 274 775 ac
300 703 416 774 otium
444 697 588 785 nudius,
623 691 792 785 pleraque
810 686 941 780 scripta
957 684 1016 756 sua
1032 687 1068 757 in
1086 694 1270 784 publicum
1288 697 1427 789 emifit,

131 803 219 894 quin
244 795 320 870 imb
347 798 483 887 scripto
511 796 547 863 ὃ(
575 790 658 859 viva
683 807 775 855 voce
803 782 979 854 Verbum.
996 783 1067 854 Dei
1085 786 1134 855 est
1152 791 1426 889 interpretatus,

131 917 240 987 atque
267 892 348 987 post
373 887 605 976 Ezechiilem,
631 884 667 954 &
686 881 753 951 alia
770 880 940 951 nonnulla
957 877 1036 971 (b),
1062 886 1273 975 Apocalypstn
1292 889 1329 962 ὃς
1346 891 1428 962 Da.

134 993 252 1062 nii'lem
278 1008 366 1059 tunc
393 982 576 1056 enarravit.
625 975 758 1069 Certi,
785 977 1018 1074 llrgentorati
1036 977 1065 1048 is
1084 980 1129 1047 A.
1144 1001 1248 1071 ¹525·
1272 983 1429 1059 suumin

132 1087 264 1181 Joi'lern
288 1081 505 1178 Prophetam
531 1077 827 1151 commentarium
854 1075 926 1146 luci
951 1074 1110 1169 publicar
1128 1075 1298 1167 donavit,
1323 1102 1430 1173 quern

132 1206 218 1256 cum
240 1180 445 1277 Sigismundo
464 1176 602 1249 Co‘miti
619 1177 658 1247 de
675 1174 858 1264 Hohenloe,
883 1171 1044 1244 ecclesiae
1064 1171 1334 1270 Argentinensrs
1355 1176 1430 1248 De·

131 1302 222 1353 cano
239 1274 477 1364 dedicaverit,
503 1296 584 1345 eum
604 1272 697 1342 inter
714 1270 800 1359 alia,
818 1271 868 1340 ita
885 1269 1093 1365 alloquitur.
1127 1322 1155 1363 „
1175 1271 1240 1346 Ob
1259 1271 1293 1344 id
1311 1291 1431 1346 nutem
1457 1275 1467 1282 ’

117 1400 156 1470 .,·,
183 1377 280 1448 Tuae
308 1371 525 1447 Celsrtudini
552 1367 648 1441 hunc
677 1367 914 1462 Prophetam,
950 1368 1011 1481 qui
1028 1369 1182 1440 maxime
1200 1367 1251 1440 est
1269 1369 1432 1445 adversus

129 1523 157 1566 „
184 1472 249 1542 filii
268 1470 398 1566 perditi
418 1466 634 1556 sablionem,
660 1463 779 1536 dicare
796 1463 919 1551 volui,
941 1487 986 1534 co
1004 1464 1101 1558 quod
1119 1467 1207 1536 mihi
1229 1466 1269 1539 stt
1289 1467 1430 1564 persua·

130 1613 169 1664 „..
186 1565 370 1658 fillimum,
390 1587 427 1639 te
444 1588 589 1637 omnem
601 1565 744 1654 Satanae
759 1559 1010 1652 altitudinem,
1029 1584 1110 1656 quae
1131 1563 1167 1631 in'
1184 1587 1228 1633 eo
1247 1568 1430 1661 cernitur,

128 1718 158 1762 „
183 1686 264 1739 toto
290 1665 400 1738 corde
426 1660 593 1751 calcasse,
626 1679 756 1755 atque,
790 1679 832 1729 ut
859 1679 923 1728 tuo
949 1657 1118 1753 exemplo
1146 1660 1251 1730 multi
1279 1660 1365 1734 fiant
1383 1689 1430 1738 ex

130 1815 158 1858 „
184 1762 400 1836 Nicodemis
419 1758 611 1857 Apostoli,
638 1757 709 1828 hoc
727 1754 800 1847 est,
825 1776 870 1826 ex
888 1752 1029 1827 secretis
1047 1756 1204 1829 veritatis
1222 1759 1430 1833 consessori·
1542 1835 1546 1842 ,

129 1912 157 1955 ,,
183 1861 271 1952 bus,
297 1860 335 1934 bc
354 1855 629 1933 sermonibus&
649 1851 744 1925 sablo
765 1853 901 1948 publici
919 1854 993 1923 eius
1011 1852 1215 1925 adsertores.
1257 1854 1431 1933 Videmus

131 2009 158 2050 „
184 1957 354 2052 quosdam
382 1957 434 2029 tui
462 1952 619 2043 ordinis,
645 1953 707 2047 qui
724 1949 931 2022 abscondite
949 1948 1132 2022 Christum
1151 1950 1336 2044 adserunt,
1363 1979 1431 2052 pu·

129 2108 156 2150 „
184 2055 278 2128 blice
304 2074 422 2126 autem
450 2071 594 2150 negant.
646 2050 797 2146 Negant
815 2067 931 2119 autem
951 2045 1049 2136 satis,
1078 2048 1163 2118 dum
1184 2048 1347 2145 profiteri
1366 2075 1431 2124 no·

129 2203 158 2244 „
183 2153 283 2242 lunt,
311 2151 408 2244 quod
425 2151 552 2222 sciunt.
599 2147 753 2219 Timent
773 2144 887 2225 miseri
908 2146 945 2219 δε
963 2146 1084 2237 coeci,
1110 2144 1177 2219 suis
1197 2149 1310 2244 peris,
1337 2151 1430 2224 culi·
1461 2149 1469 2161 ’

130 2298 159 2340 „
184 2251 260 2332 nis,
288 2245 431 2315 stabulis
450 2247 486 2314 bt
504 2241 701 2314 ventribus:
717 2295 747 2335 „

178 2353 209 2428 §.
230 2341 280 2413 X.
308 2339 418 2412 Circa
436 2338 515 2409 haec
532 2357 718 2428 tempora,
738 2339 991 2414 Annoscilicet
1007 2350 1108 2436 1526.
1133 2340 1322 2438 Philippus
1335 2345 1430 2419 Has·

131 2437 191 2511 fiae
211 2436 484 2532 Landgravius,
503 2428 634 2504 Haliiae
651 2430 963 2510 suieresormandae
976 2441 1154 2530 intentus,
1172 2442 1321 2513 eundem
1336 2444 1431 2515 hunc

134 2533 372 2604 Lambertum
399 2528 558 2601 nostrum
587 2529 622 2598 in
653 2528 803 2600 Hallrnm
830 2539 993 2626 vocavit,
1025 2560 1066 2610 ut
1086 2538 1233 2634 Synodo
1253 2538 1305 2609 illi
1323 2543 1431 2613 Hom·

132 2630 282 2724 burgenst
301 2625 355 2719 (c)
390 2649 471 2720 quae
496 2626 679 2725 religionis
705 2629 742 2699 in
762 2626 891 2701 Hassrae
909 2632 1143 2708 reformandae
1161 2661 1250 2733 ergo
1269 2635 1432 2710 institue·

130 2724 256 2818 batur,
291 2722 499 2818 interesset,
519 2724 555 2799 δε
575 2745 694 2797 totum
715 2724 1002 2822 Reformationis
1022 2736 1209 2831 negotium
1229 2735 1430 2813 moderare·

132 2843 213 2917 tut,
240 2824 335 2918 quod
357 2823 392 2896 ὃ(
413 2845 474 2918 per
492 2822 586 2896 edita
603 2821 647 2895 ab
667 2823 742 2919 ipso
759 2827 968 2916 Paradene,
986 2827 1118 2902 flauum
1137 2831 1238 2903 fuisse
1253 2834 1326 2926 jam
1347 2835 1431 2906 alibi

132 2923 358 3025 monuimus,
384 2939 424 2993 ut
444 2923 550 3003 Anno
568 2919 639 3017 seq.
663 2945 766 3018 1527.
793 2946 877 2996 cum
887 2925 1128 3025 Mnrbargense
1146 2929 1311 3026 Lyceum
1330 2931 1430 3002 inau-

1363 3052 1433 3125 ΕΠ·

172 3170 222 3248 (a)
246 3165 310 3230 vid.
338 3164 460 3229 Praefat.
486 3162 527 3245 ej.
553 3161 590 3229 ad
616 3179 823 3230 commentar.
847 3165 879 3230 in
904 3163 1070 3246 Micham,
1097 3168 1149 3231 ubi
1164 3170 1222 3236 ita:
1247 3189 1372 3234 vocatus
1391 3173 1432 3244 &²

132 3253 236 3397 misus
246 3250 297 3329 sui
315 3247 333 3311 ri
350 3247 483 3311 Domina
500 3249 514 3308 ἒ
532 3245 704 3308 saxonibus
719 3249 761 3308 ad
775 3248 948 3327 Metenses,
974 3265 1010 3309 ut
1026 3251 1070 3309 eis
1085 3257 1305 3316 annunciarem
1323 3255 1434 3316 Evan-

127 3359 167 3433 ge
181 3338 247 3397 ium
271 3335 358 3418 regni
373 3333 438 3411 sui.
481 3331 533 3392 An
567 3351 619 3390 uos
635 3330 838 3474 ingeminum
855 3331 981 3391 uiarum
998 3329 1173 3408 discrimine
1189 3339 1279 3415 veni,
1296 3339 1355 3415 sed
1368 3354 1432 3401 tam

134 3443 167 3480 m
183 3442 232 3482 me
248 3418 398 3497 insanivit
414 3413 516 3499 cohors
533 3353 648 3500 ἔαρι,
687 3414 698 3472 r'
707 3412 847 3491 scilicet,
864 3413 1127 3500 qnnsSpirituales
1144 3420 1287 3480 ementito
1304 3439 1441 3506 vocant,

136 3502 231 3578 (nihil
253 3504 333 3563 enim
354 3503 457 3562 minus
473 3521 565 3585 quam
575 3495 756 3584 spirituales
766 3497 858 3575 sunt)
876 3513 912 3560 nt
922 3497 988 3583 post
1004 3499 1159 3563 assiduum
1176 3501 1229 3565 vel
1243 3505 1361 3569 coaetus
1379 3530 1434 3570 ve·

137 3585 234 3644 nerim
250 3585 292 3645 ad
306 3581 511 3665 Christiamff.
529 3585 771 3666 Argentoratum
788 3579 857 3652 &a

178 3666 230 3744 (b)
255 3667 290 3728 Id
312 3668 372 3748 ipse
389 3667 553 3749 profitetur
570 3666 609 3730 ad
626 3664 779 3730 Senatum
796 3663 1056 3749 Argentinensem
1072 3667 1102 3731 in
1121 3665 1259 3752 Epistola
1276 3673 1435 3737 dedicato·

136 3746 180 3811 ria
204 3749 327 3827 prefixa
347 3749 579 3813 commentariis
601 3750 631 3813 in
650 3747 863 3831 Sophoniam,
886 3749 1084 3836 Haggaeum,
1108 3750 1341 3822 Zachariam&
1359 3756 1436 3823 Ma·
1471 3807 1475 3816 .

137 3831 290 3904 taeniam,
314 3833 399 3896 conf.
418 3829 730 3904 SCHELHORN.
749 3836 818 3906 l.,c.
842 3831 963 3916 p.·386.
1276 3858 1282 3866 ·

29 3966 33 3973 .
150 3966 153 3971 ,
178 3916 230 3998 (c)
255 3911 321 3982 vid.
338 3913 455 3997 Hister.
472 3916 561 3999 nostr.
578 3913 717 3995 Reform.
734 3915 781 3983 T.
799 3915 842 3983 11.
867 3915 897 3999 ᾗ.
915 3915 1049 3986 LXIX·
1073 3940 1103 4004 p·
1122 3922 1196 4001 165.
