3322 4456
143 297 310 401 rane·
474 285 1223 375 renovari·
1373 291 1448 400 ‘fri

140 479 168 524 „
193 427 329 521 solum,
361 423 405 500 ad
429 421 605 499 auxilium
634 418 885 516 implorem„
935 414 1077 526 inipso
1103 419 1272 520 supplicii
1291 421 1367 520 jain
1386 419 1443 493 lo·¹

139 549 215 621 co,
249 550 333 602 curn
359 523 469 597 vellet
496 515 804 612 condemnationis
830 510 901 582 suae
927 528 1099 588 tattonem
1125 521 1333 616 explanare,
1354 537 1443 593 'non

138 623 244 699 licuit
271 647 335 719 per
361 620 549 706 satellites,
582 612 640 685 sed
667 609 741 683 sere
769 608 791 680 d
818 625 958 679 tortore
975 608 1012 679 in
1030 628 1154 720 tertam
1172 618 1331 692 detrusus
1348 617 1442 691 suit:

67 757 76 771 ·
139 719 352 795 descendens
379 736 497 788 autem
525 713 569 780 de
592 707 731 798 rheda,
772 705 916 778 Domini
940 707 1033 795 mei,
1068 711 1207 803 inquit,
1240 722 1359 788 moriar
1376 737 1440 810 pro

140 819 328 911 Evangelio
355 813 439 903 Jesu
468 803 626 900 Christi,
668 804 710 886 ὅ
735 805 836 876 verbo
861 802 960 896 rjus:
998 824 1040 875 ac
1067 802 1204 899 plenius
1230 811 1347 883 dicere
1373 837 1440 884 vo·

142 912 238 1001 lens,
273 909 370 982 orsus
392 904 443 976 est
468 904 540 976 ho'c
568 898 692 998 padio:
729 900 937 994 Christiane,
970 901 1052 973 audi
1075 924 1149 973 me:
1182 900 1294 994 Quod
1312 928 1352 979 ut
1371 909 1439 980 im·

143 1006 307 1103 peditent
331 1002 570 1100 apparitores,
600 1021 749 1096 magnos
766 1000 970 1070 excitarunt
988 998 1188 1090 tumultus,
1215 1022 1297 1072 cum
1317 1003 1440 1098 hujus·

143 1103 244 1176 modi
270 1098 505 1191 clamoribus,
540 1097 673 1190 Tolle,
707 1095 817 1186 tolle,
853 1094 1009 1190 nequid
1037 1098 1217 1192 loquatur.
1266 1147 1294 1190 „
1315 1099 1442 1194 Quid,

146 1249 172 1292 „
198 1200 315 1295 inquit
331 1197 413 1289 ille,
438 1220 481 1271 an
499 1219 571 1277 uon
589 1218 652 1292 per
670 1217 733 1266 vos
751 1188 878 1264 licebit
897 1193 987 1265 mihi
1004 1193 1183 1268 declarare
1202 1195 1362 1292 populo,
1385 1219 1443 1270 me

143 1347 171 1390 „
196 1320 269 1369 non
294 1315 334 1370 ut
360 1296 571 1368 baereticum
600 1290 658 1364 sed
686 1289 928 1363 Christianum
957 1291 1075 1363 mori?
1102 1290 1284 1384 Minime,
1310 1294 1444 1368 clama·⁴

139 1444 167 1488 „
193 1392 279 1469 bant
306 1391 445 1469 caeteri
463 1442 490 1485 „
540 1390 665 1479 Eheu,
696 1386 846 1484 quidni?
874 1389 931 1461 Ac
949 1407 1027 1461 tum
1048 1389 1192 1465 locutus
1209 1390 1261 1464 est
1277 1389 1443 1467 submiss'a

140 1514 233 1566 voce
264 1491 307 1564 ad
332 1512 452 1563 aurem
480 1489 580 1585 parvi
606 1487 701 1559 illius
727 1483 967 1577 Carmelitae,
1009 1508 1115 1581 quern
1142 1487 1224 1561 ante
1250 1511 1443 1566 converte⁴

140 1609 206 1664 rat.
245 1585 417 1664 Carnifex
444 1585 526 1660 dein
551 1603 733 1681 arreptum
757 1579 856 1678 juffit
883 1579 1118 1657 conscendere
1134 1584 1258 1658 scalas:
1288 1590 1363 1664 Hic
1382 1590 1443 1665 ille

139 1687 292 1762 clamare
318 1685 459 1784 coepit:
493 1735 519 1778 „
538 1683 722 1773 Domine,
743 1677 786 1751 ad
804 1679 1046 1755 auxiliandum
1066 1683 1154 1757 mihi
1171 1680 1317 1778 festina,
1343 1687 1380 1761 ὃς
1398 1712 1443 1764 ne

136 1837 164 1880 „
190 1785 276 1881 quid
295 1785 413 1857 tarda:
435 1805 526 1880 opus
544 1803 714 1855 manuum
733 1796 872 1853 tuarum
891 1803 936 1853 ne
953 1777 1136 1878 despicias.
1171 1781 1324 1878 Ignosce
1343 1783 1441 1877 istis,

136 1934 165 1978 „
216 1883 273 1955 uia
290 1882 454 1956 nesciunt
488 1879 549 1953 uid
560 1896 680 1978 agant.
706 1874 846 1952 Fratres
855 1879 949 1970 mei,
967 1878 1122 1953 Domini
1132 1877 1353 1973 scholastici,
1372 1882 1441 1955 ob·

137 2031 165 2074 „
189 1906 290 2053 secto
316 2002 380 2054 vos
407 1996 452 2065 utw
512 1979 679 2076 vangelio
706 1997 850 2072 operam
878 1976 989 2050 detis:
1025 1975 1262 2051 solum'enim
1288 1979 1441 2056 verbum

137 2129 166 2169 „
193 2077 266 2150 Dei
292 2096 412 2149 manet
438 2076 476 2146 in
502 2097 692 2149 aeternum.
736 2072 876 2144 Discite
903 2073 1068 2146 notitiam
1091 2074 1287 2149 voluntatis
1305 2078 1442 2154 Dei-ne

139 2219 167 2262 „
193 2173 345 2241 timeatis
371 2190 433 2239 eos
458 2190 564 2258 penes
590 2190 681 2261 quos
706 2183 844 2237 tantum
871 2167 922 2238 est
951 2169 1103 2263 potestas
1129 2173 1165 2243 in
1187 2196 1341 2268 corpus,
1367 2200 1442 2250 non

137 2316 167 2357 „
192 2282 309 2334 autem
339 2265 375 2333 in
401 2260 567 2332 animam.
617 2255 804 2331 Postremi>
829 2261 945 2353 dixit,
972 2264 1067 2338 Caro
1088 2268 1165 2338 haec
1183 2269 1337 2343 mirifice
1356 2297 1441 2346 cum

138 2359 330 2456 „Spiritu
358 2353 535 2448 ludatur,
568 2354 625 2428 sed
651 2375 726 2426 earn
755 2355 931 2431 continuit
958 2359 1140 2456 abjiciam.
1192 2363 1369 2454 Domine,
1405 2371 1443 2442 in

139 2510 167 2554 „
195 2468 405 2529 manustuas
415 2452 633 2525 commendo
644 2453 798 2523 animam
811 2477 943 2526 meam:
967 2457 1119 2528 Domini
1130 2457 1199 2527 mei
1210 2478 1309 2530 orate
1323 2462 1443 2534 Deum
1504 2490 1507 2497 ¹

139 2607 168 2652 „
194 2579 262 2654 pro
288 2578 344 2627 me
361 2576 403 2626 ac
420 2549 568 2624 subinde
584 2547 736 2623 iterabat
756 2548 846 2622 hanc
865 2551 1131 2646 precationem:
1161 2554 1323 2627 Domine
1343 2558 1444 2632 Deus

137 2705 166 2749 „
193 2675 321 2742 meus,
364 2652 402 2722 in
436 2670 558 2721 manus
593 2667 671 2722 tuas
695 2647 912 2740 commendo
937 2648 1090 2721 animam
1117 2673 1243 2724 meam.
1262 2703 1289 2745 „
1338 2654 1453 2730 Tana,

135 2751 218 2827 dem
247 2744 407 2822 camisex
433 2768 514 2818 eum
536 2746 573 2817 in
590 2743 691 2818 scalis
706 2741 887 2841 quassabat
906 2764 947 2817 ut
965 2745 1242 2840 praefocaretur:
1268 2770 1376 2848 atque
1393 2754 1445 2829 ita

136 2851 193 3020 pgr
219 2849 298 2945 pius
322 2843 524 2943 expiravit,
558 2866 691 2941 corpus
717 2862 837 2916 autern
864 2841 1059 2941 postmodb
1084 2848 1169 2946 igne
1185 2846 1441 2948 consumptum

179 2964 220 3020 rt.
1392 3006 1395 3018 ,
1438 2985 1442 2995 ·

184 3055 216 3132 5.
236 3039 385 3116 XLVI.
420 3039 464 3112 ln
490 3037 563 3111 hoc
588 3059 706 3115 autem
734 3058 899 3139 tempore
924 3040 1019 3138 apud
1047 3042 1342 3118 Mediomatrices
1369 3047 1442 3122 five

138 3138 321 3215 -Metenses
348 3136 527 3212 docebant
552 3135 790 3238 Evangelium
810 3141 859 3232 (a)
886 3164 977 3212 unua
996 3140 1033 3214 &
1052 3140 1140 3214 alter
1156 3143 1290 3216 ordinis
1308 3144 1442 3217 Domi·

140 3239 278 3327 nicani,
313 3258 468 3330 cumque
492 3233 714 3307 sacerdotum
742 3236 848 3306 turba
871 3258 944 3307 non
963 3234 1153 3309 obscurum
1171 3238 1295 3311 odium
1315 3263 1389 3335 prae
1408 3240 1443 3314 se
1575 3265 1581 3277 ·

90 3347 95 3354 '
139 3334 270 3427 ferret,
305 3334 466 3430 plerique
492 3333 589 3404 cives
615 3333 846 3404 vehementer
862 3332 1009 3404 orabant
1028 3334 1221 3429 Senatum,
1247 3359 1292 3410 ne
1308 3337 1444 3412 docen-

138 3452 193 3507 ter
211 3432 422 3529 impediret,
449 3452 592 3505 omnem
611 3428 876 3525 obsequentiam
896 3427 1048 3526 proseffi.

194 3529 273 3601 lmo
292 3528 381 3603 verb
399 3530 529 3622 etiam,
547 3528 730 3602 Gulielmns
748 3529 920 3619 Farellus,
939 3530 1204 3617 Neocamenfium
1222 3549 1301 3604 turn
1320 3531 1447 3612 Pastor

146 3621 357 3698 Ordinarius
384 3626 431 3697 A.
454 3647 558 3721 1541.
584 3627 702 3700 literas
719 3625 953 3795 aripennum
973 3624 1174 3702 Metensem
1192 3627 1248 3722 (b)
1274 3629 1447 3729 scripfille

1369 3751 1448 3804 ,1¹0-

186 3854 220 3936 (a
265 3844 490 3915 SLElDAN.
509 3845 590 3913 Hill.
608 3847 680 3915 Lib.
698 3846 798 3916 XlV.
823 3868 852 3931 p.
871 3864 931 3928 242
940 3847 970 3912 b.
1060 3850 1066 3858 ’

187 3939 223 4020 (b
264 3927 529 4001 ANClLLON
547 3931 615 3998 Vit.
632 3932 749 3999 Farelli
765 3956 796 4019 p.
814 3952 859 4000 m.
878 3949 951 3999 210.
