3322 4456
759 277 890 384 (aaa)

173 436 306 513 tutem,
331 405 537 510 hujusmodi
555 403 709 499 librum,
735 403 807 487 five
824 407 861 482 in
880 403 1228 501 tinguentium,
1254 406 1327 486 five
1339 405 1470 489 Latina

170 519 331 604 editum,
365 503 599 585 ad'effeilum
627 504 675 576 im
705 502 862 599 ugnandi
887 501 1061 592 eundem,
1087 503 1240 598 habere,
1265 507 1405 608 legere,
1429 512 1469 588 ὃς

172 634 279 708 penes
307 608 340 680 se
365 605 515 677 retinere
541 623 653 674 conce
684 600 763 671 erit.
806 598 918 670 Nova
945 621 1031 668 vero
1057 621 1166 692 opera
1183 625 1409 701 quaeeonque
1425 606 1471 684 td

172 707 302 783 sacram
330 701 563 797 scripturam,
595 698 745 792 ejusque
770 695 1124 788 interpretationem,
1159 696 1217 772 seu
1237 699 1280 771 ad
1298 701 1470 798 dogmata

173 801 407 876 ecclefiastica
434 798 667 889 pertinentia,
701 793 948 886 cujuscunque
975 788 1081 862 fuerit
1098 792 1251 866 auetoris
1268 816 1329 869 aut
1348 801 1469 896 tituli,

154 945 156 950 .
174 927 218 973 ne
238 902 333 995 prius
350 897 520 983 edantur,
538 911 600 964 aut
619 888 872 984 publicentur,
892 889 1143 983 praecipimus,
1161 914 1265 986 quam
1280 892 1323 964 ab
1333 895 1471 988 episco-

176 1021 224 1094 po
243 997 314 1070 loci
332 992 523 1070 examinati
543 991 579 1064 bt
600 985 826 1082 comprobati
844 985 1000 1078 fuerint,
1025 984 1087 1059 sub
1107 1009 1217 1081 poena
1235 989 1418 1084 praedibm.

650 1219 768 1294 Num.
793 1216 999 1294 XXVII.

366 1389 514 1492 Index
541 1384 796 1488 Librorum
825 1383 1197 1490 Prohibitorum.
1225 1390 1275 1485 (²)

771 1544 872 1619 1529.

176 1713 278 1789 Libri
304 1711 406 1785 Seiiae
443 1731 498 1780 ive
515 1707 681 1780 Fabianis
697 1705 915 1778 Lutherianae
931 1708 1104 1797 importari
1117 1707 1165 1778 ad
1181 1709 1366 1781 Civitatem
1383 1713 1476 1786 Lon.

222 1811 297 1881 dan.
322 1828 384 1902 per
401 1713 558 1900 Antores
584 1803 724 1896 tajusdem
742 1805 867 1895 Seite,
892 1826 1029 1897 quorum
1045 1809 1175 1877 nomina
1193 1804 1235 1886 ΕΞ
1253 1811 1413 1882 Aunores
1420 1811 1479 1906 se·

224 1920 383 2003 quantur.
1462 1912 1464 1917 ·

185 2136 186 2140 Ἴ
231 2048 441 2123 OANNIS
470 2042 636 2128 Wicleffi
664 2046 732 2117 viri
760 2041 899 2143 piillimi
925 2046 1036 2122 Dialo
1066 2070 1168 2120 orum
1195 2047 1277 2122 libri
1304 2069 1480 2148 quatuor,
1562 2118 1566 2123 .

177 2061 401 2285 Jquorum
422 2142 557 2236 primus
574 2142 800 2213 divinitatem
821 2140 968 2214 &ideas
987 2163 1039 2215 tra
1077 2164 1125 2214 at.
1161 2144 1346 2221 Secundus
1364 2160 1483 2226 rerum

252 2235 492 2312 universarum
512 2238 728 2310 creationem
747 2259 828 2309 com
860 2233 1015 2311 unitur.
1058 2239 1206 2312 Tertius
1224 2241 1269 2314 de
1287 2246 1484 2322 virtutibus

179 2336 349 2430 vitiisque
366 2332 450 2429 ipsis
469 2334 656 2405 contrariis
673 2330 809 2425 copiosi
836 2353 908 2403 rme
926 2332 1098 2428 loquitur.
1125 2333 1285 2432 Quartus
1304 2339 1484 2417 Romana·

147 2491 151 2496 a
177 2432 354 2522 Eeclefiae
380 2432 628 2518 Sacramenta,
662 2428 739 2525 ejus
765 2426 964 2524 pestiferam
990 2429 1235 2524 dotationem,
1268 2434 1484 2514 Antichristi

180 2533 378 2697 Reffnum,
412 2529 578 2600 Fratrum
607 2524 867 2601 fraudulentam
893 2527 1069 2626 originem
1095 2551 1201 2627 atque
1224 2554 1348 2607 eorum
1366 2534 1483 2634 hypo·

180 2629 234 2702 cri
267 2653 301 2700 m
321 2624 552 2699 demonstrat.

228 2722 288 2796 De
305 2720 410 2796 bonis
431 2720 599 2818 operibus
617 2715 791 2793 Dobloris
809 2720 922 2793 Mart.
942 2720 1107 2797 Lutbeti.

227 2818 395 2917 Epistola
412 2819 565 2895 Lutheri
582 2819 626 2892 ad
643 2817 805 2893 Leonem
824 2817 875 2892 X.
897 2817 1078 2893 summum
1100 2819 1331 2897 Pontificem.

182 2917 460 3091 L'lessaradeca
493 2913 729 2991 consolatoria
754 2939 823 3013 pto
847 2913 1157 3010 laborantibus&
1184 2921 1338 2996 oneratis
1365 2921 1483 3004 Mart.

220 3019 350 3092 utheri.

227 3113 421 3189 Trauatas
438 3111 592 3187 Lutheti
612 3108 657 3185 de
674 3109 839 3186 libertate
854 3110 1071 3188 Christiana.

227 3212 356 3285 Sermo
374 3207 547 3283 Dostoris
563 3209 717 3281 Martini
735 3208 903 3284 Lutheri.

111 3389 115 3396 ,
228 3307 480 3382 Enarrationes
498 3306 652 3382 Martini
672 3306 824 3379 Lutheri
844 3307 881 3377 in
899 3302 1077 3401 Epistolts
1097 3306 1147 3378 D.
1164 3307 1276 3381 Petri.

226 3404 428 3501 Responsio
455 3405 608 3480 Martini
637 3401 790 3477 Lutheri
814 3401 858 3475 ad
884 3402 1015 3476 librum
1035 3403 1205 3501 Magistri
1224 3405 1486 3484 Bartholnmaei

180 3500 366 3576 Cathariui
393 3501 583 3578 defensoris
611 3499 772 3577 silvestri
799 3500 1008 3594 Pontificis,
1042 3516 1131 3576 cum·
1152 3503 1315 3601 expolita
1337 3504 1487 3582 Vibone

176 3599 343 3677 Danielis
362 3598 398 3675 8.
423 3602 485 3677 De
503 3601 598 3676 Ann.
617 3597 768 3675 Christi.
800 3695 825 3772 s

853 3719 875 3772 2
1189 3733 1191 3743 =
1424 3701 1486 3776 De

171 3825 274 3980 fig}
295 3824 384 3906 Eum
395 3847 437 3896 ex
454 3823 571 3899 FOXl
586 3825 666 3897 Λᾶ.
683 3826 715 3894 it
732 3823 891 3899 Momm.
908 3823 1182 3916 Aigaionos.
1197 3838 1322 3914 paa34:
1335 3807 1484 3912 do'p‘romq
1551 3871 1557 3878 ,
