3322 4456
807 351 848 406 tt
876 386 884 407 .

186 432 277 551 3351
294 464 467 575 pituitam
486 327 1184 625 itaundiqmpesfeii7a1b&3bsolutam
1202 462 1429 581 praestiteris,
1449 482 1493 544 ut
1603 467 1621 493 ³

184 555 910 765 tntrsttttstlnaatttz
929 553 972 762 tt
992 550 1512 758 illustrantes.

184 758 444 840 defendendam
468 753 606 848 semper
623 750 842 842 contuleris,
869 748 1026 846 fideique
1043 747 1169 823 sanna
1188 754 1294 826 etiam
1315 757 1409 830 libro
1427 760 1491 834 ad·

175 857 305 938 *venus
330 856 477 931 Lutheri
498 848 660 923 haeresim
679 848 767 919 mira
782 846 985 920 eruditione
1003 846 1041 921 &
1057 847 1262 944 eloquentia
1279 855 1378 925 edito
1396 859 1493 930 exti·
1598 891 1616 905 ⁸-

185 958 274 1034 toris
296 950 480 1042 defensor,
513 971 555 1020 ac
574 969 664 1044 pene
681 965 875 1040 patronum
902 943 1017 1017 felicis
1035 947 1293 1021 recordationis
1311 954 1399 1041 Leo,
1424 952 1491 1025 do·

184 1055 306 1129 ninus
323 1042 558 1148 predecessor
576 1044 613 1117 ὃ(
631 1040 740 1115 frater
756 1042 926 1139 patruelis
943 1040 1084 1134 noster,
1110 1043 1154 1116 de
1169 1044 1322 1118 confilio
1341 1045 1492 1123 fratrum

184 1152 332 1227 snorum
351 1145 412 1238 (de
428 1165 584 1240 quorum
603 1161 755 1213 numero
774 1158 861 1211 tuac
878 1141 1032 1223 eramus)
1051 1137 1242 1233 sententia,
1262 1144 1494 1220 teadcaetera

184 1267 251 1324 tut
265 1245 414 1320 nomina
430 1239 562 1336 regalia
578 1257 686 1334 atque
694 1236 833 1335 ampla,
851 1239 947 1310 Fidei
964 1235 1287 1335 defensoramvoluit
1297 1242 1491 1338 appellari,

181 1365 224 1420 ιτ
251 1367 298 1418 tte
314 1341 386 1419 boc
401 1338 538 1412 eximio
555 1336 688 1427 titulo,
708 1357 785 1406 non
803 1353 874 1408 tam
892 1333 996 1406 laude
1011 1333 1223 1429 bominum,
1246 1361 1493 1434 quamexcae·

166 1368 264 1519 ‘legi
291 1434 606 1515 commendatione
632 1433 874 1527 deprompto,
908 1431 1131 1504 serenitatem
1159 1453 1256 1506 tuam
1284 1437 1493 1534 infignivit,

182 1537 292 1640 quod
308 1560 374 1610 uos
391 1532 436 1606 ab
454 1531 519 1604 illo
537 1528 670 1603 fadum
686 1525 871 1626 justissime
886 1550 927 1601 ac
945 1526 1191 1624 sapientissime
1207 1532 1446 1629 agnoscimus.

231 1636 333 1712 Cum
366 1631 463 1705 enim
499 1651 597 1701 tuam
635 1628 672 1701 &
699 1628 736 1698 in
763 1623 926 1724 regendis
953 1626 1096 1720 populis
1123 1627 1190 1699 tibi
1217 1631 1364 1704 creditis
1387 1629 1493 1728 justi·

183 1733 299 1826 tiam,
332 1729 371 1806 bt
394 1729 432 1801 in
448 1721 656 1824 amplisiima
673 1721 851 1819 potestate
865 1723 942 1818 pari
961 1721 1150 1795 clementia
1167 1728 1397 1823 temperanda
1414 1755 1493 1803 mo·

183 1831 432 1918 dotationem,
467 1823 505 1899 dt
535 1820 737 1897 christiana
763 1820 947 1919 religionis
974 1820 1172 1919 integram,
1197 1846 1346 1920 puram,
1375 1826 1493 1901 invio·

185 1929 366 2025 latamque
395 1919 686 2010 observantiam,
729 1918 767 1989 in
799 1918 920 1991 Deum
948 1939 1094 2013 quoque
1119 1917 1264 2016 ipsum,
1311 1925 1348 1998 &
1375 1927 1497 1999 omnia

183 2049 269 2124 quc
284 2022 360 2110 Dei
379 2018 481 2110 sunt,
507 2016 750 2090 admirabilem
766 2017 943 2112 quandam
964 2015 1133 2110 pietatem
1153 2018 1359 2116 respicimus
1369 2053 1383 2109 3
1412 2046 1495 2097 cum

184 2120 427 2217 &stelligimus
454 2116 491 2187 δί
518 2115 855 2206 cernimusquanto
881 2114 917 2181 in
943 2110 1039 2182 bello
1067 2112 1250 2207 confilio,
1294 2120 1331 2192 &
1358 2121 1497 2196 virture

184 2217 324 2315 polleas
350 2214 387 2284 in
413 2231 524 2306 pace,
557 2231 599 2282 ut
616 2209 738 2279 omnia
754 2205 799 2278 ad
816 2203 1039 2278 subditorum
1058 2204 1204 2281 salutern
1223 2213 1409 2311 dirigenda
1428 2241 1497 2313 pu·

182 2332 261 2408 rm,
288 2304 596 2410 quemadmodum
623 2323 664 2376 tu
689 2325 782 2374 unus
799 2302 1061 2398 propemodum
1080 2325 1207 2400 regum
1227 2311 1413 2403 omnium,
1439 2315 1497 2386 in·

183 2411 309 2486 adita
328 2403 485 2506 quadam
511 2400 760 2499 magnitudine
786 2398 954 2496 ingenii,
993 2397 1067 2470 duo
1092 2400 1227 2476 diversa
1252 2403 1365 2480 studia
1392 2409 1427 2482 in
1453 2432 1497 2483 u·

183 2530 276 2582 uum
303 2499 501 2604 conjuras
522 2500 672 2591 lrabeat,
704 2496 745 2579 bt
772 2495 870 2591 quod
898 2497 934 2570 in
960 2495 1122 2570 doiirina
1145 2496 1373 2598 &sapientia
1397 2506 1498 2603 pofi.

184 2620 298 2697 tum,
331 2605 487 2700 quierem
513 2596 554 2670 &
581 2595 790 2681 suavitatem
818 2593 925 2667 habet
950 2596 1297 2692 contemplationis,
1333 2602 1500 2699 &quod

187 2704 226 2777 in
249 2701 414 2778 tumultu
435 2693 713 2791 ustionibusque
740 2691 909 2764 civilibus
933 2694 1103 2789 agitatam
1130 2716 1251 2769 curam
1278 2696 1425 2795 suscipit
1442 2725 1497 2776 ra·

185 2800 324 2886 nmis,
360 2799 397 2869 in
418 2811 578 2889 utroque
605 2814 691 2864 vero
711 2790 929 2885 usqueadeo
948 2791 1121 2882 excellas,
1147 2812 1190 2866 ut
1210 2791 1311 2890 poliis
1330 2821 1412 2871 cum
1432 2799 1499 2893 iis,

184 2898 317 2997 quiin
345 2891 493 2992 fingulis
519 2886 776 2978 elaborabunt,
811 2889 975 2961 maximis
1004 2887 1042 2963 δε
1067 2889 1342 2983 prudentissimis
1361 2897 1498 2992 princi·
1611 2914 1613 2918 ’

186 2996 296 3096 pibus
322 2988 537 3090 computari.
583 2986 700 3076 Hac,
736 2986 902 3080 inquam,
930 2985 973 3058 de
999 3005 1035 3058 te
1052 3009 1137 3058 cum
1157 2991 1358 3086 cogitamus
1378 2994 1416 3070 &
1434 3017 1499 3108 ag·

187 3093 388 3185 noscimus,
424 3108 567 3163 omnem
596 3085 785 3158 humanam
815 3083 953 3156 laudem
982 3103 1044 3156 tua
1071 3085 1273 3160 incredibili
1295 3091 1504 3165 virtutern·'

184 3190 356 3264 &morou
385 3185 576 3262 statuamus
602 3180 737 3254 necesse
756 3179 817 3253 est.
862 3184 984 3275 Atque
1003 3184 1082 3253 haec
1100 3202 1201 3255 tanto
1221 3188 1254 3255 in
1274 3205 1311 3257 te
1327 3189 1501 3285 praestan·

183 3288 283 3361 :tiara
300 3284 635 3377 admirabilioraquc
652 3278 753 3366 sunt,
780 3278 877 3370 quod
897 3278 994 3346 nulla
1011 3301 1169 3372 unquam
1188 3283 1330 3375 querela
1346 3285 1501 3382 violata,

189 3383 288 3459 nulla
314 3381 602 3456 commutatione
629 3374 824 3449 voluntatis
850 3373 996 3445 fuerunt
1023 3376 1247 3470 intenupta,
1277 3402 1505 3478 aequavero

185 3501 252 3558 aut
269 3480 431 3578 privatae
457 3475 672 3574 cupiditatis
690 3469 792 3546 causa
810 3469 971 3544 simulata
988 3491 1049 3544 aut
1067 3475 1236 3568 populari
1250 3477 1381 3575 gloriae
1398 3480 1501 3578 data,

189 3580 250 3654 sed
278 3600 361 3652 vera
389 3575 426 3650 &
455 3576 664 3669 incorrupta
690 3571 833 3656 virtus3
879 3591 945 3641 nec
973 3571 1162 3666 praemium
1192 3573 1287 3646 aliud
1317 3579 1503 3673 requisivit

94 3707 96 3710 >
191 3698 298 3773 quarn
327 3672 568 3768 semetipsam,
602 3673 640 3745 ὃς
668 3672 848 3743 theatrum
877 3668 1024 3739 unicum
1050 3668 1119 3740 suae
1145 3670 1274 3767 gloriae
1298 3677 1508 3754 uoluitesse
1591 3709 1593 3712 ’

192 3776 328 3849 Deum.
364 3774 490 3866 Itaque
509 3771 545 3840 in
564 3769 693 3842 divinis
712 3765 823 3840 ferme
841 3765 973 3840 versata
993 3769 1117 3858 rebus,
1144 3771 1389 3846 incredibilem
1410 3800 1503 3870 quo·

187 3871 387 3950 dammodo
408 3870 455 3946 δε
482 3869 667 3941 communi
694 3886 832 3940 naturae
859 3886 1121 3963 repugnantem
1150 3869 1394 3947 celebritatem
1416 3871 1502 3946 asie·

1419 3991 1508 4046 tuta
