3322 4456
167 307 263 376 ⁴re
428 272 1301 359 Hrs‘ro‘ttrnnvnmonnlt
1354 279 1523 390 Armi·

214 411 351 503 tontis,
371 409 614 485 Luthernnam
634 406 1347 507 quamdicebanthaerefinconfixerunt,
1365 411 1519 494 sedecim

216 511 383 585 Decretis
410 511 454 580 dc
483 508 552 580 fide
573 511 621 602 (a)
646 507 766 580 editis.
816 507 977 578 Primum
1003 529 1080 580 erut
1104 514 1144 583 de
1169 517 1300 587 aaitate
1325 513 1367 595 ὅ
1386 514 1521 612 infalli-

214 612 347 681 bilitate
373 608 536 698 Ecciestae.
586 631 619 678 2.
637 604 742 702 ‚Quod
766 605 911 699 Ecclesia
931 611 1051 700 aoastt
1069 610 1262 700 irruistbilis.
1315 631 1329 703 ς
1366 612 1422 683 De
1438 638 1521 701 aar,
1592 615 1601 620 “

99 704 105 719 ’
215 709 354 776 raritate
372 704 541 795 sariorum
568 707 787 776 conciliarum.
837 724 873 792 4.
891 703 996 803 Quod
1020 705 1066 774 ad
1083 705 1259 795 Ecclefiam
1268 707 1392 800 spetiei
1409 711 1518 784 deter-

82 868 86 873 .
215 807 342 875 minare
358 810 415 897 qai
431 805 510 874 libri
518 806 589 893 stat
609 803 779 873 Canonici.
816 821 849 890 5.
868 806 995 894 Aliqua
1014 803 1073 892 effe
1083 802 1236 893 firmiter
1254 805 1433 894 credenda,
1454 808 1518 885 de·

217 897 319 990 finit,
355 923 425 993 qua
450 924 511 970 aaa
535 907 744 972 contineatur
767 899 906 989 eapreffe
924 903 959 968 ia
978 901 1155 990 Scriptura
1174 905 1209 975 S.
1260 911 1295 974 6.
1319 903 1372 973 De
1392 905 1523 998 Confli-

217 999 398 1071 trrtirnibas
417 997 582 1069 hamanis.
632 1019 668 1082 7.
686 994 745 1064 De
763 991 914 1085 Jejaaiis
932 996 1178 1085 Ecclefiastiris.
1228 995 1261 1068 8.
1282 1000 1339 1071 De
1358 1004 1524 1076 Caiibatrr

218 1097 442 1169 Sacerdotam.
492 1119 526 1176 9.
544 1094 602 1163 De
620 1091 720 1163 Votis
738 1090 780 1171 {ni
795 1088 980 1183 prasertim
997 1092 1204 1182 Moaastirir.
1258 1118 1312 1166 ro.
1332 1099 1387 1168 De
1397 1103 1525 1192 septeni

217 1194 368 1286 Ecciessa
393 1191 629 1266 Sacrameatis.
683 1209 738 1256 ιι.
756 1186 815 1255 De
833 1185 1007 1278 Sacrificio
1028 1188 1152 1277 Miffae.
1206 1211 1258 1261 rt..
1278 1193 1336 1263 De
1355 1196 1525 1289 Satisfac·
1569 1218 1575 1222 ·

215 1296 325 1380 tione,
360 1289 563 1380 Purgatorio
590 1281 632 1362 ini
651 1287 949 1356 commemoratione
966 1282 1204 1377 desuaiiaratrr.
1258 1307 1313 1380 13.
1340 1290 1396 1360 De
1415 1294 1526 1366 Vem-

216 1394 345 1460 ratiarre
363 1387 572 1457 Sanitatem.
603 1401 658 1470 14.
669 1379 728 1452 De
745 1381 963 1452 Veneratione
978 1383 1160 1454 Sacraram
1170 1384 1369 1481 imaginata.
1401 1408 1456 1482 15.
1467 1389 1527 1463 Dr

217 1487 339 1559 Libero
357 1482 511 1552 arbitrio.
543 1489 596 1551 16.
615 1477 674 1549 De
691 1478 772 1550 Fide
792 1477 833 1558 &i
854 1480 1030 1571 Operibus.

267 1573 407 1666 Porto,
431 1575 600 1649 hereticas
625 1577 668 1657 ὅ
686 1582 871 1670 pertinaces
890 1576 932 1655 &
951 1580 974 1648 a
992 1581 1209 1649 communiore
1218 1577 1371 1669 fidelium
1382 1579 1526 1675 separa·

218 1693 269 1751 tas
295 1674 497 1762 declarant,
531 1673 722 1766 uniuersas,
756 1678 813 1767 qai
838 1677 961 1763 aliter,
986 1697 1085 1768 qaam
1104 1676 1259 1747 Romana
1278 1673 1465 1764 (birredit
1481 1678 1528 1764 i}

213 1775 378 1871 predicat
395 1775 543 1862 ecciesta,
570 1772 696 1844 credere
714 1771 757 1853 θ
772 1773 990 1864 pertinaciter
1005 1771 1143 1863 affererr
1160 1787 1344 1845 attentant.
1553 1779 1555 1783 ’

239 1953 242 1961 ,
268 1870 474 1964 Deinceps,
493 1866 741 1959 contendunt,
761 1867 858 1963 quod
870 1869 1017 1961 Ecclesta
1033 1865 1428 1962 etstdiverfar&aarrrrarr
1450 1897 1530 1948 uam

214 1972 403 2066 pugnantia
427 1965 543 2062 (quod
566 1963 696 2061 saepius
714 1965 887 2037 neoterici
907 1964 1071 2036 haeretici
1090 1963 1281 2061 objiciunt)
1299 1897 1530 2067 proposierit

220 2065 385 2155 decreta,
411 2062 502 2135 nihil
521 2082 640 2136 tamen
659 2061 759 2136 {itin
778 2081 877 2135 tantu
893 2059 1123 2137 decretorum
1144 2062 1411 2157 multitudine,.
1428 2066 1532 2179 quod
1589 2132 1592 2135 ,

220 2161 306 2236 fidei
325 2161 541 2235 orthodoxae
560 2158 785 2248 adversetun
808 2159 903 2252 Sed,
922 2159 1021 2257 quod
1038 2158 1083 2233 ab
1092 2184 1167 2235 uno
1176 2160 1377 2261 eodemque
1387 2164 1535 2262 Spiritu.

219 2258 347 2337 motta
363 2259 495 2352 fuerit,
521 2278 563 2333 ut
582 2259 630 2332 ita
648 2282 715 2356 pro
734 2257 946 2333 conditione
962 2278 1168 2356 temporum
1188 2263 1243 2358 (c)
1270 2259 1462 2360 statueret,
1485 2280 1534 2340 ut

220 2357 336 2434 visum
356 2355 465 2432 fuerit
482 2356 760 2432 conducibilius.
1052 2390 1055 2395 ·
1139 2437 1145 2445 ,

268 2455 447 2533 Leiiione
472 2454 647 2530 librorum
676 2454 832 2530 Lutheri
859 2452 897 2531 &
926 2451 1220 2531 Lutheranorum
1246 2452 1312 2529 sub
1338 2479 1449 2554 poena
1465 2479 1532 2531 ex·

220 2555 561 2634 communicationis
579 2553 747 2631 omnibus
765 2553 1000 2629 interdicunt.
1049 2553 1122 2647 Et,
1147 2579 1193 2631 ne
1211 2578 1295 2630 cum
1313 2551 1535 2631 Lutherrnir

220 2657 330 2731 ullam
358 2680 432 2728 tem
460 2653 631 2729 haberent
658 2654 782 2742 Galli,
816 2671 878 2723 aut
905 2652 1014 2722 ullam
1041 2648 1204 2722 colerent
1227 2651 1533 2736 familiaritatem

221 2752 457 2846 ptaecipiunt.
507 2749 711 2818 Lutbetum
744 2743 866 2835 priscis
891 2741 1073 2812 haereticis
1100 2741 1138 2810 &
1165 2742 1378 2833 cumprimis
1406 2739 1533 2811 Mani·

222 2845 334 2923 chaeis
360 2859 591 2936 comparant,
628 2836 800 2910 institutis
827 2836 920 2904 inter
939 2835 995 2926 (d)
1022 2831 1253 2906 Monichaeoe
1271 2834 1309 2907 &
1326 2854 1410 2906 eum
1428 2858 1532 2913 com·

222 2937 489 3040 putationibus,
516 2952 666 3029 propter
684 2948 848 3026 negatam
868 2926 1006 3002 arbitrii
1026 2928 1170 3002 humani
1190 2929 1415 3026 libertatem,
1440 2957 1532 3032 ope.

222 3061 301 3112 rum
321 3033 499 3107 bonorum
520 3028 667 3102 isaiute
685 3022 953 3122 exclusionem,
973 3028 1010 3103 &
1029 3023 1190 3103 offertum
1204 3025 1532 3129 justificationisex

222 3137 293 3213 fola
313 3131 384 3207 fide
403 3126 625 3203 deiitinam:
1460 3176 1532 3254 sed

263 3347 313 3427 (a)
338 3336 528 3408 Nnrnu.
554 3333 701 3405 inex.
723 3314 1257 3421 atsec.xv‘1.pa.122.123.
1280 3337 1356 3407 nem
1372 3334 1433 3407 nu
1448 3314 1533 3405 rur

222 3429 370 3499 Biblioth.
390 3444 466 3490 nov.
486 3422 599 3505 Script.
618 3419 712 3486 Ecci.
730 3417 776 3485 T.
795 3416 889 3485 xtlt.
937 3465 944 3481 .
966 3416 1214 3501 189-1--194

264 3513 316 3593 (b)
343 3509 427 3577 Acin
444 3507 622 3573 Concilior.
639 3503 722 3587 apud
740 3499 878 3569 HARD
927 3501 991 3601 [Ν.
1010 3525 1040 3601 p.
1062 3519 1154 3585 1932.

264 3600 315 3677 (c)
341 3595 421 3661 Haec
446 3588 547 3658 fetori
572 3588 767 3656 conveniunt
791 3607 869 3654 cum
890 3585 1020 3683 Nitriai
1034 3586 1149 3667 Casani
1163 3589 1278 3657 eiinto:
1302 3584 1534 3673 Explicandaru

223 3677 814 3837 t:'¹t:atttittzrttttr
831 3671 1392 3840 ititttmttitrztt
1407 3689 1535 3828 titt

224 3866 322 4015 opp)
343 3863 680 4011 {pppipppprpsssum
699 3880 765 3995 loct
782 3875 891 4010 cit-p·
911 3937 1012 4008 ¹9²7».
1030 3921 1124 4008 1928.
1169 3934 1173 3943 ’
1320 3986 1324 3991 .
1352 3987 1374 3997 ,,
1390 3894 1406 3991 ,“
