3322 4456
161 322 242 388 290
373 286 757 369 HISTORIA
800 283 1248 366 EVANGELII
1310 293 1488 399 donn,

168 427 234 503 ista
250 445 346 515 erat,
372 425 448 520 jam
467 420 708 516 ablegaverat.
743 416 945 489 Decretum
965 437 1084 489 tamen
1103 418 1195 514 suit,
1221 424 1321 520 quod
1339 429 1484 505 volebat

166 525 283 617 Rex,
303 546 418 617 neque
437 523 630 615 quicquum
649 521 686 586 iu
703 533 787 587 toto
804 514 874 586 isto
894 515 1138 608 ssatutoerat,
1156 524 1485 615 quodnonRefor·

171 612 372 695 uiatoribus
391 617 584 689 admodum
602 636 712 712 grave
729 631 803 684 erat
818 612 854 684 ἃ
869 613 932 683 vix
952 613 1161 706 serendum,
1181 618 1245 691 nifi
1264 624 1361 714 quod
1381 624 1485 696 Sola·

169 719 280 797 ruinis
307 715 413 789 instat
439 714 553 786 videri
582 711 719 806 posset,
753 712 852 804 quod
879 734 951 781 non
979 712 1222 806 dependerent
1248 715 1270 788 i
1296 723 1487 797 clementie
1593 768 1596 773 -

173 817 394 893 clericorum
416 815 488 906 (a),
520 832 771 903 conatumque
790 807 1133 904 ecclesrrsttcarunt,
1157 812 1214 885 sed
1233 818 1331 911 quod
1349 816 1370 890 ἰι
1386 819 1490 910 jura-

173 908 223 1011 tis
246 913 472 987 examinandi
499 908 633 999 essent,
668 905 689 978 ὲ
708 904 838 1001 quibus
858 908 939 1000 psus
956 913 1138 1003 equitatis
1158 917 1191 984 δι
1213 914 1493 993 mansuetudinis

178 1010 318 1111 sperare
342 1029 523 1107 poterant.
573 1002 678 1076 Adeo
705 1005 748 1073 ad
775 1007 891 1099 Regis
916 1026 1046 1077 nutum
1073 1010 1110 1078 in
1137 1034 1261 1082 omnes
1286 1012 1321 1084 se
1346 1037 1491 1109 partes,

175 1110 287 1195 etiam
314 1113 351 1182 in
376 1108 481 1179 rebus
509 1105 658 1176 maximi
678 1107 874 1194 momenti,
901 1102 1058 1176 versabor
1076 1123 1163 1177 tnnc
1184 1109 1373 1201 publicum
1396 1113 1494 1189 istius

176 1208 301 1308 gentis
319 1206 530 1280 concilium.
569 1201 741 1273 Ceterum
763 1199 899 1271 susmen
917 1202 1006 1272 issud
1028 1203 1063 1272 in
1080 1206 1199 1297 cupita
1217 1207 1415 1281 multorum
1437 1210 1495 1302 (b)

180 1329 269 1381 mox
297 1305 478 1377 detonuit.
522 1300 606 1371 Pius
632 1299 823 1394 quingenti
851 1323 887 1368 tn
909 1323 1088 1373 carcerem
1107 1303 1188 1374 sunt
1206 1303 1304 1396 dati,
1330 1307 1497 1402 interque

177 1428 243 1479 eor
260 1400 459 1499 Episcopi,
488 1397 806 1472 sarisberiensis&
831 1397 1102 1490 vigorniensis,
1121 1399 1376 1480 Shrxtonus&
1390 1408 1495 1477 Lati·

179 1524 324 1599 pietur,
360 1504 421 1593 qui
450 1500 484 1571 dt
514 1519 662 1568 munere
687 1499 749 1566 stro
775 1493 942 1569 abdicate
970 1496 1086 1569 statim
1105 1495 1187 1573 sunt
1206 1500 1338 1576 concii.
1381 1505 1497 1578 Cran-

178 1621 324 1686 tuetur,
360 1596 458 1691 quod
486 1595 660 1681 articulos
689 1615 780 1666 voce
806 1595 843 1667 ὅ(
871 1591 1007 1684 scripto
1033 1596 1237 1688 refutasset,
1263 1602 1300 1669 in
1319 1600 1497 1673 summum

177 1696 382 1796 periculum
402 1689 598 1782 adductus,
624 1692 662 1766 ὃ(
682 1694 743 1761 vix
758 1691 976 1762 Cromrvelsi
993 1713 1065 1783 ope
1082 1694 1238 1766 servatus
1257 1697 1311 1785 (c)
1328 1697 1380 1766 est
1391 1729 1403 1780 t
1436 1699 1497 1768 sn·

162 1791 519 1949 ,rerengrannterus
541 1813 643 1885 uque
660 1813 702 1862 nc
720 1785 987 1880 Cromwcslus,
1012 1788 1101 1885 quin
1118 1789 1228 1864 etiim
1250 1791 1340 1863 Dux
1360 1790 1499 1868 Suffus-

183 1891 277 1985 ciae,
312 1892 349 1964 δι
380 1889 553 1963 Audiaeus
580 1889 706 1982 Regni
734 1885 1002 1978 cancellarius,
1037 1889 1136 1983 Regi
1153 1887 1197 1960 ad
1215 1890 1374 1963 animum
1394 1917 1501 1967 tero·

184 2012 295 2082 cant,
329 2013 433 2087 quom
462 1986 704 2080 periculosum
735 1982 852 2072 foret,
888 2003 1039 2079 propter
1060 1985 1246 2082 ingentem
1271 2011 1413 2063 reorum
1433 2015 1501 2066 nu·

186 2103 352 2182 merum,
388 2087 411 2159 sr
444 2089 544 2179 iuxta
563 2083 674 2181 Legis
695 2085 850 2179 rigorem
871 2083 1035 2157 adversus
1052 2085 1145 2182 ipsos
1163 2086 1411 2163 institueretur
1432 2094 1505 2164 Ac·

187 2187 266 2278 tio,
300 2208 408 2285 atque
427 2184 612 2282 suppliciis
630 2186 665 2254 in
683 2205 744 2255 eos
763 2181 960 2257 saeviretur.
1004 2183 1088 2256 Rex
1105 2187 1337 2262 rnoremislis
1353 2213 1504 2286 gerens,

180 2287 326 2379 ,venium
362 2289 421 2357 dnt
458 2282 638 2355 omnibus.
691 2280 824 2378 Quid?
864 2281 962 2375 quod
997 2282 1106 2355 etiarn
1137 2286 1322 2381 Principes
1348 2290 1503 2360 Germa·

183 2381 281 2475 nire,
317 2408 401 2458 curn
431 2384 561 2479 quibus
587 2383 698 2471 Rex,
732 2402 773 2453 ut
796 2382 974 2476 vidimus,
1000 2381 1154 2457 atdiiore
1172 2385 1205 2456 se
1222 2381 1362 2456 foedere
1378 2407 1506 2461 contra

183 2480 319 2582 Papam
350 2488 385 2559 δι
418 2482 595 2555 Caesarem
622 2483 777 2578 jungere
803 2501 893 2555 tunc
920 2481 1064 2577 quidem
1093 2481 1265 2575 nolebat,
1302 2483 1508 2578 gravissime

182 2604 424 2679 quererentur
445 2584 491 2653 de
513 2581 623 2675 Legis
643 2581 737 2653 ristus
755 2586 948 2655 atrocitate
966 2579 1045 2669 (d),
1072 2602 1141 2674 qua
1160 2602 1271 2676 prena
1288 2584 1416 2676 capitis
1438 2585 1503 2653 sta·

186 2699 352 2754 tueretur
379 2688 413 2751 in
441 2704 523 2764 eos,
559 2679 620 2773 qui
650 2677 851 2750 undrinnai
871 2699 975 2766 quarn
997 2677 1033 2746 ὃ(
1054 2676 1119 2768 ipst
1138 2677 1425 2769 profitebuntur,
1452 2674 1503 2742 se·

183 2798 390 2872 querentur.
420 2777 530 2850 Unde
547 2773 681 2849 fidum
700 2772 774 2860 ess,
794 2793 835 2843 ut
847 2775 928 2842 Rex
950 2772 991 2838 iis
1014 2772 1269 2858 promitteret,
1289 2764 1320 2831 se
1337 2765 1504 2860 Legem,

184 2874 252 2951 nist
283 2876 343 2944 ubt
373 2875 550 2947 necessitas
579 2890 747 2968 urgeret,
781 2891 854 2936 non
880 2865 1154 2946 exsecuturum,
1190 2862 1244 2929 uti
1264 2877 1346 2929 unte
1365 2860 1500 2934 Crotn·

185 2971 285 3048 wetti
307 2972 440 3064 lapsum
459 2975 510 3063 (e)
529 2970 638 3043 uisam
660 2961 853 3036 sidionem
873 2957 910 3028 vi
927 2955 1050 3028 statuti
1069 2955 1166 3030 isstus
1183 2955 1381 3053 susceptam
1400 2958 1507 3038 fuisse

186 3091 261 3148 ἢθη
278 3070 329 3141 est
352 3069 564 3144 verosimile.

237 3166 365 3255 Unum
395 3167 483 3245 vero
501 3158 643 3239 nonest
660 3153 955 3255 pretereundum
975 3161 990 3248 (
997 3151 1018 3228 s
1022 3157 1061 3250 J,
1082 3154 1185 3257 quod
1205 3154 1277 3230 hoc
1295 3179 1391 3230 anno
1408 3160 1505 3273 peti,

1411 3277 1506 3332 troni

234 3462 285 3546 n>
308 3448 527 3523 nutriter.
551 3420 686 3519 rouen.
710 3451 894 3532 tornet

232 3548 286 3630 (b)
310 3534 537 3608 PERsZON.
562 3540 627 3602 soe.
645 3539 700 3605 cit.
722 3559 751 3623 p.
772 3554 845 3620 300.
862 3554 935 3622 301.
967 3554 1006 3601 er
1028 3529 1272 3603 BURNETO
1296 3532 1350 3601 sib.
1367 3532 1421 3601 cit.
1445 3535 1511 3604 sos.

190 3648 285 3801 ¹4(9c)
310 3706 527 3778 BURNET.
552 3711 616 3776 soc.
631 3708 698 3808 cit..
712 3704 857 3807 t‘tr13r48.
878 3723 948 3787 ¹40·

90 3846 96 3856 .
230 3803 288 3886 (d)
316 3791 651 3862 §ECKENDORR
676 3797 730 3860 sib.
746 3810 799 3857 ctt.
826 3787 1047 3863 BURNET.
1067 3793 1091 3858 1.
1105 3808 1139 3859 c.
1158 3786 1223 3856 sus.
1235 3804 1307 3872 149.

192 3884 195 3889 ’
231 3887 284 3966 (e)
308 3876 525 3948 BURNET.
553 3883 616 3943 soc.
634 3879 688 3943 cit.
712 3878 771 3942 sol.
787 3895 855 3958 ¹49·
1227 3921 1239 3942 „

237 3971 295 4055 (f)
319 3962 544 4038 BURNET.
565 3967 639 4050 1.,9.
655 3963 832 4046 solustae
867 4028 871 4035 ,
924 3980 927 3985 ·
