3322 4456
202 290 303 365 τι·
407 234 1284 370 irisroniao-:va-uonuii
1328 287 1522 371 ,navus

215 414 372 488 minibus
394 413 549 510 jadtatus
567 466 592 506 ,.
614 427 697 500 oie,
733 433 866 500 manu,
903 410 990 482 vita·
1004 411 1165 506 prodesse
1191 414 1341 510 cupiens
1355 439 1520 512 ,vereque

124 550 137 557 ·-
214 510 304 583 adei>
331 514 424 584 inter
450 512 626 607 primitias
653 508 786 581 Galliae
815 506 1048 674 Evappelicae
1077 511 1333 603 recensendus,
1369 516 1471 586 cuius
1493 515 1517 587 ii
1618 564 1620 568 ι

214 610 362 679 monitis
379 606 585 706 graviffimis
596 605 791 678 auscultare
802 603 900 674 volui
932 625 967 676 et
977 605 1185 681 Franciscus
1197 609 1397 681 Galliarum
1410 613 1519 703 Rex,

214 704 252 776 δ(
272 709 332 800 qui
350 709 426 801 ejus
445 708 556 794 aulam
577 702 781 798 dirigebant
800 699 983 791 Ministri,
1003 702 1175 776 babuiliet
1189 706 1263 799 jam
1283 705 1366 777 inde
1379 707 1428 779 ab
1446 709 1515 779 ini·

213 801 268 870 tio
297 802 467 900 insignem
497 804 599 875 ineo
627 801 665 873 ὃ(
692 798 930 892 pereximium
952 797 1243 873 Reformatorem
1264 802 1406 895 Gallia,
1433 828 1515 899 quae

211 897 264 969 illi
285 901 320 969 in
339 900 519 971 amoribus
536 924 577 972 ac
596 898 733 969 deliciis
751 912 849 980 erat,
868 890 1049 988 quimque
1068 919 1108 970 ut
1123 897 1271 972 Christo
1290 902 1326 973 ὅ(
1348 903 1424 995 ejus
1439 903 1513 974 Vc·

210 996 308 1067 ritati
328 997 546 1086 lucraretur,
576 992 752 1082 remigio,
779 1007 819 1059 ut
839 989 964 1082 ajunt,
982 989 1138 1083 veloque
1157 998 1412 1072 contendebat.
1447 1000 1515 1073 Li·

207 1096 290 1185 cet,
314 1116 397 1166 eum
418 1094 577 1166 veritatis
596 1087 681 1158 radii
700 1079 887 1156 successive
904 1083 1014 1156 semet
1032 1090 1135 1159 nobis
1154 1093 1354 1185 insinuent,
1375 1098 1402 1168 is
1421 1120 1513 1192 quo·
1588 1134 1592 1146 ·

209 1199 278 1286 que'
306 1207 377 1262 non
405 1193 441 1262 in
468 1184 634 1262 omnibus
655 1205 801 1256 acutum
822 1201 883 1254 aut
902 1204 1025 1255 verum
1046 1185 1102 1255 vel
1122 1191 1276 1260 creverit
1295 1192 1352 1261 vel
1370 1216 1515 1267 cernere

208 1308 384 1470 Ροὲκὶΐζιῖ.
425 1379 494 1452 Sed
521 1403 562 1450 ea
588 1375 874 1449 Reformationis
900 1377 1018 1475 gloria
1044 1376 1263 1471 potissimum
1292 1379 1413 1464 relista
1439 1381 1512 1459 fuit

205 1479 427 1551 Triumviris
439 1472 749 1570 praestantissimis,
769 1477 931 1548 Gulielmo
941 1474 972 1547 F
976 1475 1223 1570 ARELLO,
1241 1481 1347 1554 Petro
1359 1474 1513 1557 VlRE·

205 1577 284 1655 TO
304 1577 342 1649 δι
361 1574 516 1667 Johanni
533 1571 810 1662 CALVlNO,
829 1572 872 1643 de
891 1572 1021 1668 quibus
1036 1573 1125 1646 adeo
1144 1576 1185 1647 u't
1205 1579 1363 1672 paucisa
1390 1590 1514 1676 ambs,

204 1671 250 1744 ab
271 1673 341 1746 boc
359 1693 467 1768 opere
485 1672 643 1742 nouerit
662 1670 830 1740 alienum.
864 1720 892 1759 „
912 1671 1000 1743 Erat
1017 1673 1138 1761 enirn,
1164 1679 1222 1765 (ut
1240 1696 1323 1746 cum
1370 1676 1407 1748 h.
1425 1676 1511 1749 BE·

203 1819 232 1860 ,‚
259 1769 326 1853 ΖΑ
346 1775 396 1864 (a)
423 1768 627 1866 loquamur)
649 1763 936 1862 jucundissimum
957 1765 1221 1864 speetaculum,
1240 1789 1310 1846 tres
1327 1769 1413 1846 istos
1431 1792 1510 1846 tati·

1402 1889 1512 1966 „tos

204 2038 225 2074 „
250 1992 407 2074 vieiniiae,
432 2009 476 2059 ter
492 1995 614 2071 fignuin
634 1994 649 2057 a
667 1993 800 2057 domino
816 1992 918 2076 petiit,
942 1995 1043 2059 oravit
1060 2011 1095 2061 ut
1110 1997 1195 2063 idem
1211 1995 1304 2063 tertio
1320 2001 1509 2070 monstrare·

202 2122 224 2156 „
249 2093 315 2155 tur,
343 2078 429 2162 quod
449 2079 478 2165 di
496 2077 617 2144 facium
635 2079 688 2143 eli.
717 2077 807 2140 Misit
823 2098 963 2159 namque
979 2079 1117 2162 sortem,
1142 2081 1253 2148 &sois
1270 2082 1332 2166 ipsa
1347 2086 1440 2150 terrio
1454 2106 1509 2151 ce·

202 2204 225 2239 „
249 2161 339 2237 cidit,
374 2162 492 2226 sicuti
518 2163 676 2246 principio.
719 2160 813 2225 Tum
838 2161 969 2225 deseruit
994 2165 1127 2246 primam
1150 2167 1372 2249 vocatiouem,
1404 2170 1508 2237 &ad-

202 2289 224 2323 „
248 2243 364 2328 gressus
382 2247 423 2310 eli
441 2248 496 2312 iter
511 2250 549 2312 ad
567 2247 748 2312 secundam.
793 2246 828 2311 ln
846 2246 895 2311 via
910 2261 1034 2328 autern,
1057 2250 1167 2316 accidit
1183 2251 1229 2316 illi
1244 2252 1509 2337 impedimentum

201 2375 223 2409 „
245 2329 481 2415 graviffimtlm,
513 2347 548 2396 ut
572 2333 747 2398 secundum
771 2330 936 2397 hominem
960 2333 1158 2415 desperatum
1183 2336 1247 2400 fere
1263 2338 1397 2403 omnino
1412 2336 1507 2420 elset,

200 2415 334 2496 „qnod
358 2415 456 2498 posset
481 2436 624 2500 unquam
649 2416 808 2498 pervenire
832 2417 901 2501 quii
919 2417 1078 2496 tendebat,
1104 2418 1300 2502 increpabant
1317 2441 1449 2518 quoque
1467 2425 1506 2484 il·

110 2560 112 2565 .
199 2544 222 2582 ‚‚
247 2501 317 2564 lum
335 2500 447 2583 multi,
466 2504 554 2587 quod
569 2501 726 2584 abivisset,
743 2502 973 2584 suadebantque
989 2500 1040 2565 alii
1058 2515 1092 2563 ut
1108 2502 1146 2564 ad
1156 2502 1291 2585 priorem
1303 2519 1508 2572 vocationem

198 2628 221 2665 ‚,
245 2585 467 2665 regrederetur.
511 2584 603 2652 Tum
630 2590 684 2655 ille
708 2585 852 2652 udaiaus
877 2586 1074 2664 admodum,
1099 2582 1186 2648 &de
1203 2588 1381 2654 bominibus
1399 2589 1508 2684 desl’e'.

95 2674 98 2681 '
199 2710 222 2745 „
246 2688 331 2742 rans,
349 2670 379 2730 iii
397 2671 504 2732 solum
520 2687 628 2734 autern
642 2672 754 2735 Deum
771 2669 921 2732 fiduciam
937 2669 1070 2736 habens,
1086 2661 1188 2726 orarii
1198 2671 1322 2729 diceus:
1341 2669 1506 2741 Domine,

199 2790 223 2824 „
244 2747 274 2806 in
300 2750 403 2806 multa
427 2746 544 2806 fiducia
564 2749 709 2806 bonitatis
735 2760 816 2821 tuae,
849 2743 960 2804 nonin
979 2741 1197 2802 incredulitate
1213 2745 1316 2803 cordis
1334 2743 1397 2801 mei
1414 2757 1507 2824 peto,

198 2870 222 2909 ‚,
246 2839 280 2888 ut
298 2823 372 2886 milii
388 2823 418 2886 in
436 2837 482 2887 tur
500 2821 640 2906 preliuris
658 2824 689 2888 δι
706 2821 796 2886 malis
814 2841 899 2887 nunc
914 2821 1034 2901 posito,
1053 2817 1084 2882 δι
1103 2820 1370 2884 vehementissime
1380 2824 1504 2907 territo,

198 2954 222 2990 „
244 2906 346 2971 adhuc
371 2903 468 2968 semel
493 2903 654 2983 ostendas,
682 2904 771 2988 quod
796 2905 886 2968 tertio
910 2901 1016 2985 polim
1041 2899 1144 2964 facere
1161 2903 1302 2986 dignatus
1319 2923 1362 2967 es.
1409 2905 1504 2975 Tum

197 3039 221 3076 ‚,
243 2990 344 3053 adhuc
367 2986 483 3052 sortem
507 2987 606 3066 mifit,
639 2989 759 3052 &sors
776 2986 837 3067 ipsa
854 2988 931 3051 ficut
947 2987 985 3050 ab
1002 2984 1088 3051 initio
1104 2986 1226 3052 cecidit.
1271 2987 1357 3055 Mox
1375 2990 1429 3055 ille
1446 2992 1504 3060 iter

198 3123 222 3161 „
245 3068 420 3156 adgressus,
454 3087 516 3137 tarn
541 3085 643 3155 aperte
666 3069 797 3154 agnovit
822 3071 851 3135 tr
877 3071 1036 3152 probavit,
1067 3069 1076 3132 i
1099 3070 1164 3137 sain
1188 3073 1389 3138 vocationem
1407 3077 1504 3141 esicii

199 3208 222 3244 „
244 3155 338 3237 Deo,
365 3169 399 3221 ut
423 3175 520 3225 nenio
537 3174 679 3238 unquam
698 3154 765 3219 satis
783 3172 850 3217 rem
868 3155 1037 3239 explicarit.
1077 3093 1189 3224 bonus
1206 3158 1249 3222 est
1266 3159 1343 3224 deus
1359 3158 1506 3243 speranti·

198 3290 221 3327 ,‚
244 3243 301 3308 but
318 3241 349 3307 in
365 3259 460 3322 eum,
485 3239 595 3307 animoe
614 3239 765 3325 querenti
781 3238 885 3304 illurn.
905 3288 926 3322 „
1451 3256 1453 3260 ·

239 3344 289 3422 (a)
313 3338 437 3406 BEZA
464 3340 494 3405 in
521 3340 595 3405 Vita
620 3338 749 3404 Calvini
766 3336 852 3422 Opp.
870 3336 961 3406 Bezae
978 3337 1083 3405 Tom.
1103 3339 1163 3405 lll.
1187 3339 1246 3407 fol.
1266 3359 1338 3424 370.
1379 3338 1431 3406 Est
1449 3364 1506 3408 au·

199 3439 264 3491 tem
289 3424 513 3503 memorabile,
547 3425 635 3506 quod
653 3426 706 3489 hic'
718 3424 863 3488 omittere
880 3444 944 3489 uon
960 3423 1124 3507 possumus
1141 3424 1286 3504 ejusdem
1305 3423 1442 3490 BEZAE
1460 3428 1505 3492 bis

199 3508 293 3576 tribus
310 3506 460 3574 Ecclefiae
480 3508 594 3573 Gallia
604 3505 877 3573 Reformatoribus
896 3509 1005 3572 datum
1015 3505 1209 3590 Elogiumiu
1217 3509 1258 3592 ej.
1269 3507 1375 3596 Epigr.
1386 3531 1417 3594 p.
1431 3508 1503 3592 178.

359 3591 486 3658 Gallica
504 3592 613 3657 mirata
628 3590 670 3655 eli
688 3591 858 3655 Caluinum
877 3589 1019 3659 Ecclefia
1034 3611 1131 3676 nuper

399 3676 478 3759 Quo
495 3696 592 3741 nemo
610 3676 720 3740 docuit
737 3674 873 3740 doetus.

357 3757 411 3827 Est
429 3780 561 3844 quoque
578 3757 632 3825 Te
649 3780 749 3843 nuper
765 3759 874 3825 mirata
888 3758 1006 3826 Farelle
1023 3775 1202 3846 tonantem,

397 3843 478 3933 Quo
493 3864 591 3914 uerno
606 3832 716 3912 docuit
738 3843 873 3927 toruus„
1451 3925 1508 3994 m

1402 3974 1428 4013 ᾖ
