3322 4456
206 309 276 399 346
411 285 792 371 HISTORIA
831 284 1276 370 EVANGELII
1339 295 1511 396 dmm.

205 464 235 509 „
259 413 482 513 obstringere
513 407 727 488 recusetent.
778 408 940 484 Demit-
967 410 1049 506 post
1073 415 1189 486 multa
1214 416 1315 491 uitri>
1340 421 1511 517 citroque

207 551 237 606 ,·,
261 515 395 607 agitata
411 566 422 602 ,
457 507 668 605 interpofits
682 506 926 601 fidejtrffosum
945 510 1173 584 satisdatione
1188 536 1231 584 ae
1250 512 1343 608 fide,
1366 541 1437 612 qua
1454 542 1514 594 sne

210 658 240 705 „
263 611 483 778 prqdpecese,
519 606 542 678 fi
566 607 689 678 resim
704 602 836 697 senet,
861 607 1098 701 tenebantur,
1124 607 1326 685 &custodia
1344 615 1515 692 restituor

267 730 304 779 tn
337 730 348 777 ι
395 726 537 776 statem.

212 755 242 801 ”
262 815 294 890 ς.
312 803 422 874 ext.
450 755 671 887 normias,
688 822 772 870 cum
791 821 834 868 ea
850 799 960 892 pauso
978 800 1059 895 pou
1076 800 1197 875 omno
1212 804 1251 876 tn
1267 809 1518 901 captivitatem

216 897 380 989 ductor,
396 921 471 970 non
491 901 609 969 minus
625 896 737 965 varias
754 895 798 964 nd
815 898 950 967 amicos
962 921 1107 969 exarare
1124 901 1265 991 literas,
1282 906 1469 1002 interquus
1480 910 1520 983 dt

216 995 382 1085 itaec(n):
411 994 487 1066 AN
495 994 533 1065 N
541 1000 572 1064 A
589 990 822 1065 AsKuwn
838 993 1132 1068 amieocuidern:
1157 999 1318 1086 „intelli
1346 1029 1394 1094 o,
1413 1006 1522 1078 chare

217 1142 247 1188 „
272 1094 308 1164 in
334 1089 481 1164 Christo
502 1089 630 1180 frater,
655 1088 818 1159 nondum
836 1088 941 1196 piene
956 1090 1024 1162 tibi
1041 1089 1257 1165 satnfistum
1275 1027 1346 1169 ed}
1362 1103 1399 1172 in
1420 1099 1524 1174 cause

218 1239 248 1283 „
271 1212 392 1261 coenae
419 1188 653 1273 Dominicae,
684 1185 732 1255 eir
752 1185 850 1278 quod
868 1184 1002 1258 dixerit
1018 1187 1204 1282 Apostoiis
1222 1191 1428 1286 Dominus,
1452 1205 1525 1272 Ac·

218 1332 248 1381 ‚,
272 1291 391 1381 cipite,
423 1284 599 1373 comedite,
629 1280 708 1391 Hoc
729 1279 775 1375 est
799 1302 913 1389 corpur
935 1305 1073 1376 m,
1103 1287 1192 1381 qud
1209 1308 1271 1381 pro
1295 1295 1392 1365 vobis
1413 1293 1528 1366 eradi·

219 1412 249 1478 ς,
274 1400 344 1455 tur.
377 1381 542 1454 Chrtiius
556 1400 649 1450 reso
667 1399 704 1447 sn
720 1399 770 1447 eo
780 1379 988 1450 exhibendo
1004 1404 1095 1478 pene
1112 1382 1151 1454 id
1167 1386 1310 1478 voluit,
1334 1408 1528 1463 externum

221 1530 250 1574 „
276 1477 326 1550 ob
353 1479 480 1551 oculos
505 1497 709 1572 proponere
734 1471 1013 1570 sacramentum,
1048 1501 1111 1551 ore
1131 1480 1277 1575 quidem
1295 1481 1529 1577 sumendum,

220 1627 252 1672 „
276 1579 381 1672 eujus
407 1576 593 1648 admonitu
620 1576 657 1642 in
681 1567 793 1642 fidem
819 1569 984 1664 psffionis
1006 1571 1079 1647 suae
1105 1599 1175 1671 pro
1192 1581 1333 1675 populo
1350 1582 1531 1656 obeundae

223 1675 476 1770 „pleniorem
503 1670 804 1767 perduceremur,
835 1692 876 1740 ac
902 1667 1024 1743 salutis
1049 1671 1133 1742 inde
1159 1674 1197 1744 in
1222 1677 1379 1750 internas
1397 1683 1531 1752 animas

223 1822 255 1866 „
277 1767 415 1842 nostras
438 1794 505 1881 pro
579 1765 696 1837 ande.
729 1763 848 1860 Cujus
872 1766 1019 1862 quidem
1044 1765 1164 1840 salutis
1180 1792 1223 1842 ac
1240 1771 1533 1869 incomparabilis

226 1899 257 1965 ,ς
280 1864 510 1940 beneficis-re
524 1867 537 1936 i
575 1886 617 1936 us
633 1860 684 1934 est
701 1863 805 1934 nobis
820 1862 921 1958 pariis
937 1886 1006 1960 pro
1021 1886 1259 1939 monumento
1275 1891 1318 1941 ac
1336 1867 1535 1944 sacramen·

225 2016 257 2061 „
280 1963 343 2038 tui
370 1963 646 2036 communione:
683 1963 719 2031 in
743 1982 813 2056 qua
831 1962 1075 2057 partieipsnds
1091 1981 1213 2058 gratos
1228 1988 1294 2039 nos
1312 1966 1365 2039 ini
1384 1990 1452 2062 pro
1468 1991 1534 2039 ne·

227 2114 256 2158 ,‚
281 2058 423 2132 eeffarin
455 2058 711 2156 redemptionis
743 2057 876 2129 noiirae
904 2061 1021 2155 gratis
1047 2057 1303 2156 praeberernus.
1350 2066 1412 2138 sic
1439 2065 1537 2138 enim

227 2210 257 2256 „
282 2156 465 2232 Dominus
484 2156 556 2254 ipse
573 2154 800 2252 sequentibus
818 2156 937 2229 verbis
954 2181 1022 2230 nos
1037 2159 1230 2253 admonet,
1253 2163 1438 2260 inquiens,
1462 2163 1539 2235 Hoc

224 2309 257 2354 „
273 2257 388 2352 facite
411 2261 449 2329 in
470 2260 805 2330 commemorationes
826 2259 913 2347 urei,
937 2257 1112 2353 additque
1126 2256 1287 2352 insuper,
1314 2264 1539 2358 Quotiescun-

226 2388 257 2452 „
280 2379 341 2451 que
368 2355 409 2427 de
428 2375 513 2449 pane
536 2355 786 2443 hocodntn's,
826 2351 890 2422 a'st
912 2354 1066 2428 biberitis
1089 2357 1134 2429 de
1153 2360 1282 2446 calice,
1326 2358 1440 2428 Lucae
1469 2378 1539 2426 un-

227 2505 258 2550 „
282 2451 497 2526 undeeimo:
533 2453 618 2525 item
638 2450 769 2545 prioris
786 2445 1026 2542 Corinthios,
1052 2455 1245 2526 undecimo
1263 2455 1395 2546 eapite.
1442 2453 1541 2527 Nam

229 2603 260 2652 „
283 2549 421 2645 alioqui
444 2547 524 2623 fieri
549 2546 692 2623 fortasse
717 2543 855 2644 posset,
887 2570 932 2621 ut
956 2551 1096 2622 oblivio
1123 2571 1189 2622 nos
1215 2569 1394 2624 tantarum
1420 2572 1539 2624 rerum

229 2699 261 2744 „
285 2666 511 2742 ciperente
529 2648 755 2746 ingratitudo
769 2647 879 2719 etiam
899 2644 1125 2740 sequeretur,
1141 2649 1305 2720 retulerit
1317 2667 1539 2739 nonpnrum,

232 2780 263 2840 ‚·,
288 2762 329 2816 ut
349 2744 605 2819 communibus
622 2745 717 2818 rotis
734 2741 894 2821 ditinum
905 2743 1146 2835 imploremus
1160 2743 1466 2826 elementiom‚·ut
1478 2756 1539 2802 ve·

231 2894 261 2938 ‚‚
286 2862 369 2912 ram:
388 2839 495 2942 hujus
519 2838 678 2937 mysterii
704 2837 978 2929 cognitionem,
1009 2858 1053 2904 se
1080 2833 1235 2904 mentem
1256 2833 1412 2922 Spiritus
1432 2826 1539 2901 studii

232 2990 263 3036 „
287 2935 415 3013 nostris
450 2937 576 3013 inserat
599 2931 816 3029 peantium.
860 2927 985 2999 Liters
1008 2928 1169 3018 etenim,
1213 2943 1255 2996 ut
1280 2923 1389 2998 docet
1415 2927 1539 3000 beatus

231 3089 262 3135 „
288 3032 438 3129 Paulus,
463 3033 624 3109 occidit:
652 3028 809 3125 Spiritus
826 3042 946 3097 nutem
966 3021 1155 3118 vivificat,
1177 3021 1384 3118 posterioris
1403 3025 1541 3098 Corin·

233 3172 263 3235 ,·,
288 3132 449 3209 thiorum
469 3133 579 3207 tertio
596 3150 676 3226 etp.
706 3120 889 3219 Perpende
904 3124 1012 3197 etiam
1031 3125 1139 3220 utque
1156 3143 1262 3196 etrum
1277 3123 1541 3215 eapurJoannis

234 3288 264 3334 „
289 3229 481 3320 odiorum,
514 3229 578 3317 ubi
602 3227 647 3301 nd
675 3223 787 3301 fidem
812 3219 1183 3308 omniaseferumur,
1210 3221 1296 3290 item
1316 3220 1477 3312 epistole
1497 3220 1540 3293 ad

233 3380 262 3429 „
290 3329 504 3403 Corinthios
531 3328 666 3425 prioris
686 3341 797 3420 eaput·
821 3328 1012 3420 questum,
1045 3321 1108 3394 nbi
1129 3319 1191 3391 sub
1211 3316 1317 3390 finem
1336 3322 1465 3414 capitis
1485 3340 1540 3389 re·

235 3477 264 3522 ’⁹
290 3418 1132 3612 sor:pentimimeris&
1155 3435 1466 3587 ututur?
1487 3417 1544 3584 ιζ

429 3562 442 3604 ι
606 3568 608 3573 ’
716 3573 725 3592 ·
779 3580 790 3591 -
1468 3564 1480 3602 ι

236 3571 266 3715 3:
290 3614 371 3688 hee
397 3612 507 3686 verbs
530 3614 649 3715 leges,
678 3613 961 3716 qnod'Chriiius
979 3637 1052 3686 non
1071 3634 1237 3711 tanquam
1258 3611 1398 3704 servus,
1424 3609 1544 3779 sedl‘fi‘

231 3739 247 3779 ἰ
278 3768 281 3773 -
368 3752 375 3778 ι
828 3742 859 3767 ¹¹*
1423 3761 1450 3801 5)
1493 3732 1543 3781 ius

241 3832 258 3879 Ἰ
279 3831 331 3913 (s)
353 3826 604 3897 annositatem
629 3834 720 3909 nobis
744 3774 1050 3917 conserisrlit'idem
1076 3831 1132 3900 iile
1154 3832 1181 3899 F
1186 3828 1323 3901 OXUS
1350 3830 1373 3892 1.
1396 3848 1426 3894 e.
1457 3823 1545 3894 conf.

238 3913 322 3993 Aba
335 3911 521 4006 Martyrum
537 3915 569 3983 in
585 3937 618 3999 4.
638 3912 713 3983 Lib.
728 3915 793 3983 lv.
815 3915 969 4002 pop-146.
985 3915 1051 4000 seq.
