3322 4456
181 299 490 402 Gu'l'yndallus.
537 300 579 380 R
626 298 661 376 E
709 296 753 375 N
801 296 840 373 O
887 294 927 372 V
975 295 1007 373 A
1056 299 1095 376 'l'
1143 300 1176 377 l.
1323 330 1327 337 ⁴
1413 286 1482 400 185

180 433 516 529 colligatur,·quam
536 428 635 500 litem
655 426 752 499 illam
769 422 970 497 Lutherum
990 424 1481 524 inter&Zwingliumexor·

179 549 252 603 tam
281 529 491 625 probaverit
517 526 685 611 minime,
719 525 769 595 ita
796 540 915 594 tamen
942 541 983 591 ut
1009 522 1080 617 ipse
1104 523 1280 623 Zwinglii
1296 525 1479 600 sententiae

179 625 289 700 fuerit
307 620 495 695 addistior.
728 706 731 712 ¹

228 722 362 814 Neque
390 741 475 789 vero
502 715 553 786 ibi
581 712 736 786 substitit
760 709 890 806 Frythi
909 709 1019 783 nostri
1038 709 1180 806 fervor,
1206 717 1342 813 quippe
1358 720 1418 815 qui
1439 718 1478 794 δε

179 818 224 890 de
242 818 468 910 Purgatorio,
487 833 570 883 cum
589 811 672 903 Joh.
683 807 841 905 Fiscbrro-
850 806 1033 904 Episcopo
1043 806 1232 901 Roffensr,
1251 837 1332 884 curn
1351 817 1477 886 eodem

180 911 245 983 Th.
263 913 385 998 Mora,
420 910 457 981 ὃ(
485 929 567 976 cum
595 906 767 1002 Rastallo,
794 903 895 976 Mori
940 927 1066 996 enero,
1094 907 1335 980 contentionis
1351 908 1478 981 serram

181 1007 406 1099 reciprocare
424 1003 571 1091 debuit,
591 1025 743 1095 quorum
762 1000 851 1073 alter
860 927 1048 1073 doiorum
1060 1001 1253 1097 praefidiis,
1270 1006 1358 1075 alter
1367 1005 1478 1100 scrip-

183 1119 274 1173 tutae
294 1104 491 1188 contextu,
512 1099 636 1171 tertius
651 1097 816 1170 naturalis
833 1097 1072 1192 Philosophiae
1087 1099 1332 1189 adminiculis,
1352 1101 1478 1173 ineum

181 1197 408 1287 involarunt,
434 1199 483 1266 ita
510 1213 650 1284 tamen,
676 1214 717 1266 ut
745 1195 783 1265 in
811 1195 883 1289 ipsa
899 1196 1131 1266 contentione
1149 1194 1327 1269 Rastallus
1345 1197 1386 1268 ad
1404 1195 1479 1269 fru-

180 1315 262 1391 gem
283 1292 418 1365 rediilie
436 1293 596 1381 dicatur,
623 1292 660 1362 &
681 1291 718 1361 in
735 1290 861 1385 Frytlri
882 1312 997 1384 partes
1014 1289 1188 1364 seceffisse.

177 1430 181 1441 ·
226 1389 417 1484 Postquam
438 1412 524 1459 vero
543 1390 593 1460 ita
610 1410 694 1458 cum
715 1387 828 1459 tribus
848 1389 901 1459 his
919 1389 1056 1460 calamo
1075 1389 1113 1461 δε
1130 1386 1271 1485 scriptis
1289 1387 1478 1463 conflidla·

180 1505 240 1560 tus
253 1486 361 1574 effer,
381 1484 624 1557 Lambethum
643 1483 856 1578 perdudlus,
874 1485 969 1578 apud
987 1485 1276 1558 Cantuariensem
1298 1488 1478 1582 primum,

178 1583 261 1655 dein
287 1581 382 1677 apud
406 1579 694 1654 Wintoniensem
713 1581 849 1653 causam
869 1582 967 1676 egit,
996 1601 1103 1676 atque
1121 1581 1301 1675 postremo
1320 1584 1480 1656 Londini

178 1677 216 1750 in
243 1680 392 1773 publico
419 1677 684 1775 Episcoporum
711 1677 869 1750 conseffo
897 1681 933 1748 in
954 1679 1134 1776 judicium
1155 1701 1364 1769 revocatus,
1389 1703 1478 1751 con·

177 1773 380 1849 stantiffime
399 1774 535 1848 causam
556 1779 606 1866 (a)
625 1774 790 1870 equidem
810 1774 997 1866 tuebatur,
1024 1799 1067 1847 eo
1086 1795 1307 1849 tamencum
1326 1797 1479 1868 eventu,

176 1892 219 1946 ut
245 1873 436 1963 haereseos,
470 1874 524 1943 uti
551 1891 639 1943 tunc
655 1892 731 1943 erat
749 1873 923 1967 capitale,
950 1872 1086 1944 crimen
1103 1874 1237 1944 evitare
1254 1897 1325 1944 non
1346 1892 1476 1968 potue·

177 1969 248 2057 rit,
275 1973 361 2063 quin
382 1970 501 2062 potius
521 1968 620 2040 civili
641 1967 965 2064 magistratuilpro
984 1969 1127 2040 illorum
1147 1989 1351 2064 temporum
1364 1970 1478 2058 more)

177 2063 333 2138 <traditus
354 2063 549 2152 dodlrinam
570 2067 750 2156 puriorem
770 2064 936 2160 sanguine
954 2063 1167 2136 confirmare
1184 2067 1368 2158 debuerit,
1386 2067 1479 2138 vivi·

182 2159 376 2228 c‘umburio
394 2161 431 2227 d.
448 2161 576 2246 4Julii
597 2164 642 2226 A.
658 2181 760 2251 ¹533·
787 2163 821 2229 in
841 2162 912 2250 ipsa
930 2162 1017 2230 urbe
1034 2160 1252 2233 Londinenlr
1270 2163 1438 2236 sublatus.

230 2251 430 2336 §.LVlll.
465 2253 645 2321 Guilelmus
671 2273 788 2321 autem
814 2255 1178 2344 TYNDALLUS,
1213 2258 1340 2353 Frythi
1369 2259 1480 2330 nostri

180 2350 338 2434 amicus,
359 2347 393 2415 in
413 2345 544 2417 linibus
558 2345 705 2414 Walliae
724 2367 846 2438 natus,
864 2368 971 2442 atque
985 2350 1020 2418 in
1032 2350 1224 2421 Academia
1239 2353 1361 2424 itidem
1374 2360 1481 2428 Oxo·

180 2442 290 2516 niensr
320 2441 523 2532 institutus,
560 2443 678 2537 primo
707 2464 770 2536 per
799 2443 948 2514 Lutheri
975 2445 1085 2515 libros
1105 2469 1333 2539 magnacum
1354 2448 1481 2518 seduli·

181 2561 254 2612 tate
272 2537 467 2635 perlectos,
485 2540 526 2609 ad
545 2538 702 2608 veritatis
726 2539 892 2608 notitiam
913 2538 1272 2636 pervenilledicitur,
1294 2565 1421 2637 quam,
1440 2565 1482 2617 ut

180 2636 410 2732 postmodum
438 2638 513 2707 aliis
542 2633 725 2705 instillaret
745 2637 800 2727 (b)
828 2640 877 2707 ita
902 2658 1044 2707 omnem
1073 2637 1215 2709 navavit
1241 2660 1407 2732 operam,
1441 2660 1482 2716 ut

179 2736 339 2806 maximo
352 2735 434 2832 jure
451 2734 617 2828 deinceps
635 2755 653 2801 a
672 2732 701 2802 F
704 2755 799 2821 oxo,
819 2754 926 2826 atque
940 2735 1036 2823 aliis,
1056 2733 1483 2830 Anglorumdidlus'suerit

178 2831 363 2926 Apostolus.
393 2832 433 2901 ld
453 2850 592 2918 autem,
614 2828 845 2923 quolfelicius
864 2831 1072 2924 faciliusque
1092 2830 1303 2925 perficeret,
1323 2835 1482 2929 primum

180 2927 217 2998 in
237 2927 413 3000 vertendis
432 2930 618 3021 utriusque
634 2925 857 3000 Testamenti
877 2927 975 3000 libris
995 2929 1128 3024 pariter
1144 2952 1227 3001 cum
1241 2930 1380 3026 Frytho
1398 2931 1481 3025 suo,

179 3025 304 3097 utilem
334 3025 545 3117 cumprimis
573 3047 613 3094 ac
640 3021 853 3096 salutiferam
884 3026 1013 3121 Anglis
1039 3026 1206 3098 omnibus
1232 3031 1373 3101 navavit
1394 3053 1481 3124 ope·

179 3144 253 3194 ram
276 3120 340 3214 (c).
395 3120 546 3216 Addidit
575 3120 611 3192 ὅ(
637 3122 829 3287 compluit}
851 3121 917 3193 alia
943 3125 988 3194 de
1014 3122 1119 3194 variis
1147 3129 1366 3218 argumentis
1394 3150 1480 3199 con·

848 3243 867 3287 a
1352 3221 1483 3315 scripta

189 3326 193 3332 ’
222 3330 271 3410 (a)
298 3329 376 3412 Quo
402 3331 501 3394 modo
525 3329 555 3393 a
579 3350 643 3410 qna
665 3333 781 3395 ratione
805 3333 827 3395 is
852 3331 881 3395 in
906 3331 1134 3417 Episcoporum
1149 3335 1270 3414 judicio
1289 3334 1374 3398 suam
1391 3333 1484 3398 fuerit

181 3411 275 3475 tuitus
292 3416 436 3492 causam,
461 3415 520 3497 ipse
538 3414 623 3478 brevi
638 3416 906 3479 commentariolo
923 3432 1062 3496 enarrat,
1085 3419 1175 3483 millo
1194 3419 1307 3498 scripto
1326 3439 1342 3479 e
1358 3438 1481 3480 carcere

180 3494 219 3556 ad
236 3497 351 3561 amicos
371 3500 461 3576 suos,
479 3495 572 3577 cujus
589 3498 714 3566 brevem
731 3499 876 3564 summam
885 3499 937 3564 sed
945 3503 1178 3568 memorabilem
1189 3503 1307 3568 exhibet
1317 3499 1482 3567 FOXUS

82 3627 84 3631 ,
187 3577 253 3636 loc.
269 3579 319 3638 eit.
338 3582 477 3660 sol.r32.
500 3598 568 3663 133.
591 3598 660 3664 134.
708 3642 716 3651 .

224 3657 276 3729 (m
303 3659 466 3725 roxus
487 3667 507 3725 ι.
525 3686 554 3728 c.
569 3664 628 3730 for.
643 3663 711 3747 138.

224 3739 276 3813 (⁰)
303 3738 348 3801 Ea
371 3745 410 3803 de
433 3744 603 3827 Verfione,
634 3749 664 3813 a
688 3750 726 3812 de
750 3749 785 3814 iis
803 3767 873 3824 (ωε
890 3749 1058 3817 circaeam
1074 3752 1146 3816 sunt
1162 3751 1397 3825 memorabilia,
1421 3748 1484 3827 egi-

185 3839 258 3917 mus
276 3820 306 3881 in
322 3822 456 3904 Historia
473 3827 609 3904 Reform.
624 3829 755 3917 Belgica
771 3823 1005 3914 §.XXXVIL
1027 3853 1097 3920 pag.
1110 3849 1180 3914 ¹07·
1204 3838 1249 3902 uti
1264 3836 1324 3901 alia
1341 3831 1487 3915 quadam

183 3906 325 3988 deinceps
344 3926 473 3991 quoque
489 3907 507 3971 i
523 3913 612 3978 nubis
629 3918 854 3984 mouebantur.
979 3981 984 3991 ,
1054 3962 1055 3966 =
