3322 4456
107 273 298 412 vhirta.
461 296 1102 387 RENOVATI.
1392 338 1439 416 r5

126 495 156 540 „
180 441 409 535 Brfflures,
444 434 563 529 filius,
596 452 658 506 aut
681 453 720 504 ut
740 432 799 504 alii
818 428 989 539 traduat,
1012 458 1122 533 nepot
1143 435 1435 541 Cardinalieejue

127 592 156 637 „
182 542 358 629 nominis,
393 537 455 634 qui
484 531 619 608 Carolo
650 531 762 601 Vlll.
798 527 1040 636 &ministerio
1067 536 1173 609 status
1199 536 1289 634 fuit,
1324 543 1434 641 longe

126 689 155 737 „
181 634 409 709 charissrmus.
457 634 581 705 Tanta
618 625 791 722 flagrabat
818 626 997 695 literarum
1023 635 1248 728 cupiditate,
1283 660 1324 712 ut
1351 666 1432 714 om·

126 788 155 833 „
181 755 266 822 nes,
301 757 387 829 quas
412 750 509 803 curae
538 725 749 797 dioecesanae
775 719 978 793 subtrahere
995 744 1133 818 poterat
1152 733 1276 826 horas,
1302 739 1343 810 iis
1361 740 1432 812 im·

125 884 155 929 „
181 831 373 925 penderet,
411 827 450 898 δι
478 847 561 896 eum
586 843 660 892 non
678 818 848 913 reperiret
866 817 1024 910 Meldis,
1049 843 1138 916 quos
1159 827 1352 905 studiorum
1370 837 1432 910 ad·

127 979 158 1024 „
182 929 320 1017 jutores
338 920 469 992 babere
487 917 621 1011 posset,
639 937 792 1012 quatuor
809 915 968 988 literatos
986 919 1128 990 aliunde
1144 924 1350 1020 accersivit,
1368 957 1433 1005 ne.

128 1074 157 1121 „
183 1021 274 1092 scius
293 1015 468 1112 suspeblos
488 1015 656 1089 haereseos
674 1014 752 1086 esse.
800 1015 967 1109 Jacabaar
985 1037 1115 1111 nempe
1134 1018 1280 1090 Falerna
1300 1025 1432 1122 Stapu.

127 1173 156 1217 „
185 1116 334 1211 lensem,
370 1116 582 1187 Gallielmum
606 1117 796 1205 Farellum,
827 1115 1029 1188 Martialem
1048 1116 1083 1188 bt
1106 1115 1295 1189 Gerardum
1313 1122 1433 1219 Rufos.

126 1269 156 1314 ‚,
182 1217 309 1304 Faber,
326 1293 330 1298 ,
347 1233 386 1285 ut
414 1214 525 1311 magis
552 1212 585 1285 se
612 1211 824 1301 insrnuaret,
859 1234 989 1283 novam
1011 1213 1214 1284 Bibliorum
1235 1215 1432 1293 versionem

123 1366 153 1411 „
177 1311 392 1404 adornabat,
429 1331 632 1407 praetexene
659 1330 795 1382 veteres
821 1309 859 1382 δι
877 1310 1042 1403 inprimis
1060 1313 1241 1406 vulgatam
1261 1314 1433 1390 nonsatis

122 1460 150 1508 „
176 1432 379 1506 congruere
404 1431 488 1480 cum
514 1427 618 1481 textu
645 1406 807 1479 Hebraeo
825 1407 864 1478 δι
884 1405 1034 1482 Graeco.
1083 1411 1236 1485 Fareller
1253 1411 1434 1512 Zwinglii

123 1529 335 1608 „errorem
362 1508 514 1579 docebat
540 1505 756 1599 discipulos,
790 1524 880 1598 quos
907 1503 1055 1598 putabat
1077 1505 1248 1580 secretum
1268 1510 1431 1585 culludi-

121 1658 151 1702 „
177 1624 277 1678 turos
295 1603 375 1677 esse.
421 1602 516 1696 Reffi
533 1605 605 1676 duo
625 1604 805 1675 licentiam
827 1597 890 1670 fibi
909 1599 1120 1691 sumserant,
1148 1605 1278 1677 librum
1296 1613 1335 1682 de
1352 1634 1432 1708 cap·

120 1757 149 1802 ‚,
175 1711 318 1778 civitate
344 1705 548 1796 Babylonica
576 1698 811 1791 defendendi,
840 1720 914 1794 quo
932 1700 1103 1773 Letherus
1120 1701 1291 1776 acerrime
1310 1708 1347 1778 in
1364 1733 1430 1782 cu·

119 1852 148 1900 ,‚
173 1803 260 1873 riam
280 1805 482 1875 Romanam
503 1797 664 1873 ἰιινιᾶιιι
683 1818 770 1871 erat.
810 1796 863 1869 Ηι
882 1819 989 1868 novae
1008 1796 1182 1872 doetrinae
1203 1801 1430 1900 miffionarii,

119 1953 148 1999 „
174 1901 336 1996 quamvis
361 1897 502 1973 secretb
528 1898 723 1989 docerent,
748 1891 1027 1969 dFranciscanis
1044 1914 1163 1970 tamen
1184 1898 1432 1980 Meldensibue
1459 1964 1465 1974 ,

119 2049 149 2095 ,,
174 2018 248 2070 non
265 1997 385 2071 multb
405 2000 484 2092 post
502 1996 657 2090 detecti,
677 1996 715 2070 δι
735 1994 964 2068 Cancellario
982 1993 1114 2067 Gallie
1133 2003 1313 2090 (Amorne)
1333 2002 1430 2076 Pra-

87 2103 92 2113 ‘
119 2147 148 2191 „
174 2101 256 2190 least
275 2096 480 2168 denunciati
500 2094 658 2168 suerunt.
694 2094 769 2165 Hic
786 2114 826 2165 ut
845 2093 883 2165 in
904 2089 1065 2164 Historia
1083 2093 1112 2164 F
1117 2095 1263 2169 rancisci
1284 2098 1314 2170 Ι.
1341 2120 1428 2193 pro·

121 2242 148 2285 „
173 2192 247 2263 lire
266 2191 417 2262 relatum
433 2191 509 2275 est,
530 2191 770 2259 Politicorum
791 2191 861 2258 suae
880 2187 1076 2261 dioeceseos
1093 2192 1227 2283 (nescio
1243 2218 1288 2267 an
1308 2195 1430 2274 dicere

120 2292 151 2382 „‘
174 2287 358 2369 voluerit,
382 2286 510 2375 seculi,
546 2299 607 2350 aut
624 2289 715 2376 regni
732 2284 837 2367 illius)
856 2287 1032 2358 maximus
1049 2286 1131 2358 suit.
1182 2289 1344 2363 Perse&
1361 2318 1429 2367 no·

120 2434 149 2480 ,‚
176 2399 277 2451 verat
296 2378 482 2474 ingenium
504 2374 722 2464 Gallorum,
750 2380 785 2446 dt
806 2382 1024 2469 praevidebat
1045 2385 1181 2474 majora
1199 2387 1235 2454 in
1252 2410 1367 2482 regno
1386 2392 1430 2462 il·

121 2529 149 2573 „
175 2480 233 2565 lo,
269 2498 375 2570 quam
405 2477 442 2545 in
466 2473 608 2566 reliquo
632 2469 839 2544 Christiano
865 2476 952 2547 orbe
976 2495 1082 2565 toto,
1116 2479 1244 2551 damna
1268 2484 1430 2558 daturam

120 2624 149 2668 „
174 2571 243 2643 ell'e
261 2570 432 2662 haeresen,
459 2569 483 2642 sr
504 2571 734 2662 reciperetur.
770 2572 934 2667 Regem,
962 2573 1085 2642 herum
1106 2570 1204 2646 suum
1226 2577 1261 2647 in
1280 2579 1353 2650 dies
1372 2602 1429 2654 ar·

119 2712 148 2767 „
175 2669 375 2740 dentiorem
402 2667 691 2760 deprehendebat
718 2665 760 2737 ad
789 2667 1070 2759 recuperandum
1089 2669 1259 2745 ducatum
1280 2676 1429 2751 Medio·

117 2820 146 2865 „
173 2763 371 2856 lanensem,
396 2764 440 2837 ab
460 2762 711 2862 imperialibus
732 2763 794 2835 srhi
814 2761 984 2837 ablatum.
1023 2767 1128 2840 Hanc
1147 2772 1426 2866 pulcherrimam

117 2919 146 2964 „
172 2861 365 2938 Christiani
384 2862 481 2936 orbis
499 2865 681 2961 regionem
702 2884 775 2934 non
794 2864 861 2934 alia
878 2862 922 2935 de
939 2862 1042 2936 causa
1057 2862 1155 2939 Galli
1175 2873 1426 2973 perdiderant,

116 3018 144 3063 „
170 2984 274 3060 quam
293 2962 398 3059 quod,
411 2963 542 3056 Papam
560 2961 694 3035 sociare
714 2960 776 3033 sibi
796 2960 1051 3059 neglexissent:
1081 2965 1187 3064 Opus
1204 2970 1326 3068 itaque
1343 2992 1427 3052 ante

114 3115 143 3160 „
167 3062 289 3133 omnia
305 3059 373 3132 elie
388 3060 601 3150 videbatur,
618 3082 660 3133 ut
678 3083 760 3133 cum
781 3059 875 3133 sacra
888 3060 966 3135 sede
977 3069 1310 3142 reconciliarentur.
1337 3073 1421 3145 Tu·

114 3215 143 3256 „
168 3156 336 3232 tissimum
364 3178 483 3231 autem
512 3157 669 3231 medium
688 3160 730 3229 ad
750 3158 785 3230 id
803 3179 902 3248 erat,
931 3159 1078 3232 stnovis
1098 3163 1289 3237 haeresibus
1308 3169 1426 3245 aditus

112 3310 141 3354 „
170 3259 205 3329 in
232 3257 391 3329 Galliam
410 3256 705 3353 precluderetur.
756 3258 885 3328 Statim
908 3258 1027 3348 itaque
1046 3282 1087 3327 ae
1108 3260 1426 3342 Franciscanorum

114 3408 141 3452 „
169 3353 411 3428 Meldenfium
440 3351 666 3428 Guardianus
693 3352 918 3425 Cancellario
946 3355 1146 3449 perliteras
1166 3359 1427 3462 denuntiasset,

114 3470 142 3546 ‘„
166 3455 290 3526 urbem
321 3452 445 3526 haeresr
475 3453 576 3526 infici
604 3454 640 3528 δι
665 3453 875 3546 contagium
894 3476 939 3525 ex
959 3452 1092 3546 palatio
1111 3455 1318 3554 Episcopali
1339 3488 1425 3558 pro-

114 3600 145 3644 „
170 3555 312 3646 pagati,
346 3550 547 3648 Episcopus
564 3551 607 3624 ad
628 3574 748 3646 regem
770 3566 922 3644 citatus,
948 3553 985 3626 dt
1005 3553 1047 3622 ab
1066 3577 1132 3645 eo,
1158 3556 1218 3649 qui
1240 3558 1274 3627 in
1293 3562 1426 3639 talibus

115 3696 146 3742 „
171 3645 415 3722 occasronibue
434 3647 525 3721 mire
543 3648 717 3721 facundus
735 3668 833 3739 erat,
851 3647 978 3723 acerbe
997 3653 1224 3744 reprehensus
1234 3655 1306 3750 est,
1326 3661 1427 3757 quod
1524 3646 1527 3661 ⁵

115 3795 145 3840 „
172 3743 285 3832 tribus
312 3769 372 3816 aut
400 3769 555 3842 quatuor
583 3745 790 3819 hominibus
816 3768 1000 3844 receptum
1029 3752 1122 3844 apud
1152 3750 1329 3849 sedaret,
1364 3761 1427 3854 qui

113 3890 144 3940 „
167 3836 344 3916 dioecefin
357 3844 436 3939 ejra
453 3845 555 3922 brevi
571 3843 682 3920 essent
700 3843 920 3943 perversori,
936 3845 1001 3922 nifi
1019 3850 1297 3948 prohiberentur
1306 3885 1320 3941 3
1341 3879 1427 3967 pro·

1305 3998 1333 4040 rr
1358 3974 1426 4023 tnt-
