<?xml version="1.0" encoding="UTF-8"?>
<!DOCTYPE html PUBLIC "-//W3C//DTD XHTML 1.0 Transitional//EN"
    "http://www.w3.org/TR/xhtml1/DTD/xhtml1-transitional.dtd">
<html xmlns="http://www.w3.org/1999/xhtml" xml:lang="en" lang="en">
 <head>
  <title>
</title>
<meta http-equiv="Content-Type" content="text/html;charset=utf-8" />
  <meta name='ocr-system' content='tesseract 3.04.00' />
  <meta name='ocr-capabilities' content='ocr_page ocr_carea ocr_par ocr_line ocrx_word'/>
</head>
<body>
  <div class='ocr_page' id='page_1' title='image "./introductioinhi02gerdgoog_0476.png"; bbox 0 0 3322 4456; ppageno 0'>
   <div class='ocr_carea' id='block_1_1' title="bbox 761 297 869 397">
    <p class='ocr_par' dir='ltr' id='par_1_1' title="bbox 761 297 869 397">
     <span class='ocr_line' id='line_1_1' title="bbox 761 297 869 397; baseline -0.037 -5"><span class='ocrx_word' id='word_1_1' title='bbox 761 297 869 397; x_wconf 70' lang='lat' dir='ltr'>tit)</span> 
     </span>
    </p>
   </div>
   <div class='ocr_carea' id='block_1_2' title="bbox 162 417 1465 721">
    <p class='ocr_par' dir='ltr' id='par_1_2' title="bbox 162 417 1465 721">
     <span class='ocr_line' id='line_1_2' title="bbox 164 417 1465 529; baseline -0.007 -22"><span class='ocrx_word' id='word_1_2' title='bbox 164 429 329 524; x_wconf 73' lang='lat' dir='ltr'>Tamen,</span> <span class='ocrx_word' id='word_1_3' title='bbox 362 449 467 529; x_wconf 79' lang='lat' dir='ltr'>quum</span> <span class='ocrx_word' id='word_1_4' title='bbox 495 423 652 522; x_wconf 85' lang='lat' dir='ltr'>penitior</span> <span class='ocrx_word' id='word_1_5' title='bbox 670 422 846 498; x_wconf 83' lang='lat' dir='ltr'>Histotiae</span> <span class='ocrx_word' id='word_1_6' title='bbox 864 417 1124 496; x_wconf 80' lang='lat' dir='ltr'>Ecclefiasticae</span> <span class='ocrx_word' id='word_1_7' title='bbox 1142 418 1314 519; x_wconf 64' lang='lat' dir='ltr'>inspectio</span> <span class='ocrx_word' id='word_1_8' title='bbox 1332 418 1465 520; x_wconf 82' lang='lat' dir='ltr'>probet</span> 
     </span>
     <span class='ocr_line' id='line_1_3' title="bbox 162 518 1464 619; baseline -0.006 -17"><span class='ocrx_word' id='word_1_9' title='bbox 162 532 408 619; x_wconf 79' lang='lat' dir='ltr'>contrarium,</span> <span class='ocrx_word' id='word_1_10' title='bbox 426 523 586 596; x_wconf 75' lang='lat' dir='ltr'>inostris</span> <span class='ocrx_word' id='word_1_11' title='bbox 605 546 677 595; x_wconf 92' lang='lat' dir='ltr'>non</span> <span class='ocrx_word' id='word_1_12' title='bbox 695 520 868 596; x_wconf 88' lang='lat' dir='ltr'>ostensum</span> <span class='ocrx_word' id='word_1_13' title='bbox 879 518 929 592; x_wconf 88' lang='lat' dir='ltr'>est</span> <span class='ocrx_word' id='word_1_14' title='bbox 939 519 1163 591; x_wconf 86' lang='lat' dir='ltr'>solummodo</span> <span class='ocrx_word' id='word_1_15' title='bbox 1176 518 1464 605; x_wconf 71' lang='lat' dir='ltr'>sed&amp;evi&amp;um‚</span> 
     </span>
     <span class='ocr_line' id='line_1_4' title="bbox 162 616 1462 721; baseline -0.005 -23"><span class='ocrx_word' id='word_1_16' title='bbox 162 626 264 701; x_wconf 78' lang='lat' dir='ltr'>inter</span> <span class='ocrx_word' id='word_1_17' title='bbox 281 627 415 721; x_wconf 81' lang='lat' dir='ltr'>reliqua</span> <span class='ocrx_word' id='word_1_18' title='bbox 433 620 619 717; x_wconf 83' lang='lat' dir='ltr'>superioris</span> <span class='ocrx_word' id='word_1_19' title='bbox 638 622 707 692; x_wconf 87' lang='lat' dir='ltr'>aevi</span> <span class='ocrx_word' id='word_1_20' title='bbox 728 637 980 707; x_wconf 84' lang='lat' dir='ltr'>monumenta,</span> <span class='ocrx_word' id='word_1_21' title='bbox 1002 616 1038 689; x_wconf 89' lang='lat'>&amp;</span> <span class='ocrx_word' id='word_1_22' title='bbox 1060 618 1137 689; x_wconf 84' lang='lat' dir='ltr'>haec</span> <span class='ocrx_word' id='word_1_23' title='bbox 1154 620 1254 689; x_wconf 87' lang='lat' dir='ltr'>Petri</span> <span class='ocrx_word' id='word_1_24' title='bbox 1265 619 1296 689; x_wconf 84' lang='lat' dir='ltr'>V</span> <span class='ocrx_word' id='word_1_25' title='bbox 1304 617 1462 692; x_wconf 85' lang='lat' dir='ltr'>IRETI</span> 
     </span>
    </p>
   </div>
   <div class='ocr_carea' id='block_1_3' title="bbox 69 714 1531 3528">
    <p class='ocr_par' dir='ltr' id='par_1_3' title="bbox 150 714 1531 1009">
     <span class='ocr_line' id='line_1_5' title="bbox 160 714 1531 811; baseline -0.006 -15"><span class='ocrx_word' id='word_1_26' title='bbox 160 723 450 809; x_wconf 81' lang='lat' dir='ltr'>Reformatoris,</span> <span class='ocrx_word' id='word_1_27' title='bbox 483 719 631 810; x_wconf 84' lang='lat' dir='ltr'>eximii,</span> <span class='ocrx_word' id='word_1_28' title='bbox 667 719 770 810; x_wconf 86' lang='lat' dir='ltr'>cujus</span> <span class='ocrx_word' id='word_1_29' title='bbox 795 716 986 811; x_wconf 83' lang='lat' dir='ltr'>imaginem</span> <span class='ocrx_word' id='word_1_30' title='bbox 1014 714 1050 784; x_wconf 93' lang='lat' dir='ltr'>in</span> <span class='ocrx_word' id='word_1_31' title='bbox 1079 715 1148 783; x_wconf 89' lang='lat' dir='ltr'>hoc</span> <span class='ocrx_word' id='word_1_32' title='bbox 1170 736 1278 810; x_wconf 89' lang='lat' dir='ltr'>opere</span> <span class='ocrx_word' id='word_1_33' title='bbox 1297 726 1328 799; x_wconf 84' lang='lat'>§.</span> <span class='ocrx_word' id='word_1_34' title='bbox 1346 715 1462 795; x_wconf 81' lang='lat' dir='ltr'>xl11,</span> <span class='ocrx_word' id='word_1_35' title='bbox 1529 745 1531 750; x_wconf 47' lang='lat'><strong>¹</strong></span> 
     </span>
     <span class='ocr_line' id='line_1_6' title="bbox 159 809 1463 913; baseline -0.004 -23"><span class='ocrx_word' id='word_1_36' title='bbox 159 821 231 913; x_wconf 86' lang='lat' dir='ltr'>seq.</span> <span class='ocrx_word' id='word_1_37' title='bbox 258 843 293 913; x_wconf 86' lang='lat' dir='ltr'>p.</span> <span class='ocrx_word' id='word_1_38' title='bbox 316 837 480 911; x_wconf 74' lang='lat'>37—40.</span> <span class='ocrx_word' id='word_1_39' title='bbox 516 813 864 909; x_wconf 73' lang='lat' dir='ltr'>repraesentavimus,</span> <span class='ocrx_word' id='word_1_40' title='bbox 899 810 1061 907; x_wconf 78' lang='lat' dir='ltr'>Epistola</span> <span class='ocrx_word' id='word_1_41' title='bbox 1078 812 1120 882; x_wconf 86' lang='lat' dir='ltr'>nd</span> <span class='ocrx_word' id='word_1_42' title='bbox 1141 809 1328 882; x_wconf 86' lang='lat' dir='ltr'>Ministros</span> <span class='ocrx_word' id='word_1_43' title='bbox 1346 814 1463 885; x_wconf 84' lang='lat' dir='ltr'>Eccle-</span> 
     </span>
     <span class='ocr_line' id='line_1_7' title="bbox 150 907 1462 1009; baseline -0.001 -26"><span class='ocrx_word' id='word_1_44' title='bbox 150 920 214 1006; x_wconf 81' lang='lat' dir='ltr'>stae</span> <span class='ocrx_word' id='word_1_45' title='bbox 239 917 444 1009; x_wconf 81' lang='lat' dir='ltr'>Reformatae</span> <span class='ocrx_word' id='word_1_46' title='bbox 468 914 698 1003; x_wconf 84' lang='lat' dir='ltr'>Mnnpettenfis</span> <span class='ocrx_word' id='word_1_47' title='bbox 722 910 802 982; x_wconf 80' lang='lat' dir='ltr'>data</span> <span class='ocrx_word' id='word_1_48' title='bbox 827 907 863 980; x_wconf 88' lang='lat' dir='ltr'>d.</span> <span class='ocrx_word' id='word_1_49' title='bbox 887 907 1345 1002; x_wconf 82' lang='lat' dir='ltr'>12.Jnnuariianni1562.</span> <span class='ocrx_word' id='word_1_50' title='bbox 1373 907 1462 1001; x_wconf 82' lang='lat' dir='ltr'>(five</span> 
     </span>
    </p>

    <p class='ocr_par' dir='ltr' id='par_1_4' title="bbox 153 1001 1462 1106">
     <span class='ocr_line' id='line_1_8' title="bbox 153 1001 1462 1106; baseline -0.003 -26"><span class='ocrx_word' id='word_1_51' title='bbox 153 1011 264 1106; x_wconf 80' lang='lat' dir='ltr'>juxta</span> <span class='ocrx_word' id='word_1_52' title='bbox 297 1033 419 1081; x_wconf 89' lang='lat' dir='ltr'>eorum</span> <span class='ocrx_word' id='word_1_53' title='bbox 456 1030 659 1104; x_wconf 87' lang='lat' dir='ltr'>temporum</span> <span class='ocrx_word' id='word_1_54' title='bbox 695 1006 984 1103; x_wconf 64' lang='lat' dir='ltr'>supputationem</span> <span class='ocrx_word' id='word_1_55' title='bbox 1015 1005 1134 1100; x_wconf 84' lang='lat'>1561,)</span> <span class='ocrx_word' id='word_1_56' title='bbox 1179 1001 1462 1096; x_wconf 86' lang='lat' dir='ltr'>commonstrat,</span> 
     </span>
    </p>

    <p class='ocr_par' dir='ltr' id='par_1_5' title="bbox 156 1090 1474 1471">
     <span class='ocr_line' id='line_1_9' title="bbox 159 1090 1474 1201; baseline -0.003 -23"><span class='ocrx_word' id='word_1_57' title='bbox 159 1131 268 1201; x_wconf 86' lang='lat' dir='ltr'>quam</span> <span class='ocrx_word' id='word_1_58' title='bbox 285 1106 328 1179; x_wconf 86' lang='lat' dir='ltr'>ab</span> <span class='ocrx_word' id='word_1_59' title='bbox 344 1107 442 1179; x_wconf 88' lang='lat' dir='ltr'>omni</span> <span class='ocrx_word' id='word_1_60' title='bbox 458 1105 561 1200; x_wconf 86' lang='lat' dir='ltr'>plane</span> <span class='ocrx_word' id='word_1_61' title='bbox 571 1103 741 1176; x_wconf 85' lang='lat' dir='ltr'>seditione</span> <span class='ocrx_word' id='word_1_62' title='bbox 752 1104 873 1194; x_wconf 89' lang='lat' dir='ltr'>civili,</span> <span class='ocrx_word' id='word_1_63' title='bbox 891 1090 1193 1174; x_wconf 69' lang='lat' dir='ltr'>&amp;femiminibus</span> <span class='ocrx_word' id='word_1_64' title='bbox 1203 1101 1238 1170; x_wconf 94' lang='lat' dir='ltr'>in</span> <span class='ocrx_word' id='word_1_65' title='bbox 1249 1102 1391 1196; x_wconf 85' lang='lat' dir='ltr'>Regem</span> <span class='ocrx_word' id='word_1_66' title='bbox 1403 1100 1474 1174; x_wconf 83' lang='lat' dir='ltr'>vel-</span> 
     </span>
     <span class='ocr_line' id='line_1_10' title="bbox 158 1195 1462 1299; baseline -0.004 -24"><span class='ocrx_word' id='word_1_67' title='bbox 158 1203 442 1299; x_wconf 86' lang='lat' dir='ltr'>·Rempublicam</span> <span class='ocrx_word' id='word_1_68' title='bbox 462 1199 621 1291; x_wconf 87' lang='lat' dir='ltr'>infestis,</span> <span class='ocrx_word' id='word_1_69' title='bbox 648 1199 840 1278; x_wconf 84' lang='lat' dir='ltr'>alieniffitni</span> <span class='ocrx_word' id='word_1_70' title='bbox 859 1197 992 1270; x_wconf 86' lang='lat' dir='ltr'>fuerint</span> <span class='ocrx_word' id='word_1_71' title='bbox 1009 1196 1115 1270; x_wconf 72' lang='lat' dir='ltr'>t‘nniii</span> <span class='ocrx_word' id='word_1_72' title='bbox 1136 1197 1187 1269; x_wconf 90' lang='lat' dir='ltr'>illi</span> <span class='ocrx_word' id='word_1_73' title='bbox 1207 1197 1315 1269; x_wconf 88' lang='lat' dir='ltr'>nostri</span> <span class='ocrx_word' id='word_1_74' title='bbox 1327 1195 1462 1270; x_wconf 84' lang='lat' dir='ltr'>Refor-</span> 
     </span>
     <span class='ocr_line' id='line_1_11' title="bbox 159 1293 1462 1392; baseline -0.001 -22"><span class='ocrx_word' id='word_1_75' title='bbox 159 1320 336 1392; x_wconf 84' lang='lat' dir='ltr'>matures,</span> <span class='ocrx_word' id='word_1_76' title='bbox 357 1300 443 1372; x_wconf 86' lang='lat' dir='ltr'>lieet</span> <span class='ocrx_word' id='word_1_77' title='bbox 461 1299 518 1369; x_wconf 86' lang='lat' dir='ltr'>vel</span> <span class='ocrx_word' id='word_1_78' title='bbox 537 1295 692 1370; x_wconf 66' lang='lat' dir='ltr'>maximi</span> <span class='ocrx_word' id='word_1_79' title='bbox 710 1296 891 1391; x_wconf 85' lang='lat' dir='ltr'>praecipiti</span> <span class='ocrx_word' id='word_1_80' title='bbox 910 1293 1001 1388; x_wconf 81' lang='lat' dir='ltr'>saepe</span> <span class='ocrx_word' id='word_1_81' title='bbox 1020 1294 1216 1367; x_wconf 84' lang='lat' dir='ltr'>confilioin</span> <span class='ocrx_word' id='word_1_82' title='bbox 1228 1294 1462 1369; x_wconf 82' lang='lat' dir='ltr'>transversum</span> 
     </span>
     <span class='ocr_line' id='line_1_12' title="bbox 156 1390 1452 1471; baseline 0.002 -4"><span class='ocrx_word' id='word_1_83' title='bbox 156 1395 294 1471; x_wconf 67' lang='lat' dir='ltr'>fuerint</span> <span class='ocrx_word' id='word_1_84' title='bbox 311 1395 379 1469; x_wconf 67' lang='lat' dir='ltr'>aeti</span> <span class='ocrx_word' id='word_1_85' title='bbox 400 1416 455 1469; x_wconf 87' lang='lat' dir='ltr'>tot</span> <span class='ocrx_word' id='word_1_86' title='bbox 473 1393 618 1468; x_wconf 87' lang='lat' dir='ltr'>miseriis</span> <span class='ocrx_word' id='word_1_87' title='bbox 640 1396 675 1467; x_wconf 88' lang='lat'>&amp;</span> <span class='ocrx_word' id='word_1_88' title='bbox 695 1395 823 1466; x_wconf 82' lang='lat' dir='ltr'>irritati</span> <span class='ocrx_word' id='word_1_89' title='bbox 843 1395 880 1466; x_wconf 73' lang='grc' dir='ltr'>δε</span> <span class='ocrx_word' id='word_1_90' title='bbox 899 1390 999 1464; x_wconf 72' lang='lat' dir='ltr'>frniii</span> <span class='ocrx_word' id='word_1_91' title='bbox 1020 1390 1258 1464; x_wconf 70' lang='lat' dir='ltr'>confessorum</span> <span class='ocrx_word' id='word_1_92' title='bbox 1279 1393 1401 1466; x_wconf 85' lang='lat' dir='ltr'>animi.</span> <span class='ocrx_word' id='word_1_93' title='bbox 1449 1465 1452 1469; x_wconf 86' lang='lat'>.</span> 
     </span>
    </p>

    <p class='ocr_par' dir='ltr' id='par_1_6' title="bbox 208 1487 1460 1589">
     <span class='ocr_line' id='line_1_13' title="bbox 208 1487 1460 1589; baseline -0.002 -23"><span class='ocrx_word' id='word_1_94' title='bbox 208 1493 400 1589; x_wconf 86' lang='lat' dir='ltr'>Quidquid</span> <span class='ocrx_word' id='word_1_95' title='bbox 429 1491 493 1582; x_wconf 84' lang='lat' dir='ltr'>fit,</span> <span class='ocrx_word' id='word_1_96' title='bbox 523 1494 612 1563; x_wconf 83' lang='lat' dir='ltr'>hanc</span> <span class='ocrx_word' id='word_1_97' title='bbox 640 1490 838 1586; x_wconf 86' lang='lat' dir='ltr'>Epistolam</span> <span class='ocrx_word' id='word_1_98' title='bbox 865 1490 1029 1584; x_wconf 83' lang='lat' dir='ltr'>scriptam</span> <span class='ocrx_word' id='word_1_99' title='bbox 1054 1487 1155 1560; x_wconf 81' lang='lat' dir='ltr'>fuisse</span> <span class='ocrx_word' id='word_1_100' title='bbox 1173 1510 1291 1584; x_wconf 85' lang='lat' dir='ltr'>patet,</span> <span class='ocrx_word' id='word_1_101' title='bbox 1318 1487 1460 1586; x_wconf 79' lang='lat' dir='ltr'>quando</span> 
     </span>
    </p>

    <p class='ocr_par' dir='ltr' id='par_1_7' title="bbox 100 1586 1462 1781">
     <span class='ocr_line' id='line_1_14' title="bbox 100 1586 1462 1684; baseline 0.001 -23"><span class='ocrx_word' id='word_1_102' title='bbox 100 1594 104 1601; x_wconf 79' lang='grc'><em>’</em></span> <span class='ocrx_word' id='word_1_103' title='bbox 157 1589 318 1665; x_wconf 77' lang='lat' dir='ltr'>Ediitum</span> <span class='ocrx_word' id='word_1_104' title='bbox 337 1590 447 1680; x_wconf 81' lang='lat' dir='ltr'>ittud,</span> <span class='ocrx_word' id='word_1_105' title='bbox 465 1588 562 1684; x_wconf 92' lang='lat' dir='ltr'>quod</span> <span class='ocrx_word' id='word_1_106' title='bbox 581 1586 760 1660; x_wconf 77' lang='lat' dir='ltr'>ordinarii&gt;</span> <span class='ocrx_word' id='word_1_107' title='bbox 779 1586 928 1661; x_wconf 69' lang='lat' dir='ltr'>imense</span> <span class='ocrx_word' id='word_1_108' title='bbox 939 1610 1011 1684; x_wconf 92' lang='lat' dir='ltr'>quo</span> <span class='ocrx_word' id='word_1_109' title='bbox 1021 1586 1231 1676; x_wconf 88' lang='lat' dir='ltr'>editumest,</span> <span class='ocrx_word' id='word_1_110' title='bbox 1251 1588 1462 1680; x_wconf 83' lang='lat' dir='ltr'>Jnnuarinnt</span> 
     </span>
     <span class='ocr_line' id='line_1_15' title="bbox 159 1683 1460 1781; baseline 0 -23"><span class='ocrx_word' id='word_1_111' title='bbox 159 1687 232 1759; x_wconf 88' lang='lat' dir='ltr'>dici</span> <span class='ocrx_word' id='word_1_112' title='bbox 247 1687 448 1777; x_wconf 87' lang='lat' dir='ltr'>consuevit,</span> <span class='ocrx_word' id='word_1_113' title='bbox 460 1689 505 1757; x_wconf 87' lang='lat' dir='ltr'>A.</span> <span class='ocrx_word' id='word_1_114' title='bbox 520 1697 623 1778; x_wconf 84' lang='lat'><em>1562.</em></span> <span class='ocrx_word' id='word_1_115' title='bbox 641 1686 886 1781; x_wconf 86' lang='lat' dir='ltr'>publicatum,</span> <span class='ocrx_word' id='word_1_116' title='bbox 899 1684 935 1758; x_wconf 90' lang='lat'>&amp;</span> <span class='ocrx_word' id='word_1_117' title='bbox 947 1708 1020 1778; x_wconf 92' lang='lat' dir='ltr'>quo</span> <span class='ocrx_word' id='word_1_118' title='bbox 1030 1703 1110 1757; x_wconf 83' lang='lat' dir='ltr'>ante</span> <span class='ocrx_word' id='word_1_119' title='bbox 1119 1683 1460 1779; x_wconf 82' lang='lat' dir='ltr'>omniainjungebu·</span> 
     </span>
    </p>

    <p class='ocr_par' dir='ltr' id='par_1_8' title="bbox 154 1780 1460 1877">
     <span class='ocr_line' id='line_1_16' title="bbox 154 1780 1460 1877; baseline -0.002 -22"><span class='ocrx_word' id='word_1_120' title='bbox 154 1802 229 1855; x_wconf 79' lang='lat' dir='ltr'>tur.</span> <span class='ocrx_word' id='word_1_121' title='bbox 255 1782 888 1877; x_wconf 83' lang='lat' dir='ltr'>„UtProtestantesEcclefiasticis,</span> <span class='ocrx_word' id='word_1_122' title='bbox 908 1804 1175 1877; x_wconf 86' lang='lat' dir='ltr'>quaeexeorum</span> <span class='ocrx_word' id='word_1_123' title='bbox 1187 1780 1352 1876; x_wconf 86' lang='lat' dir='ltr'>templis,</span> <span class='ocrx_word' id='word_1_124' title='bbox 1372 1781 1460 1853; x_wconf 79' lang='lat' dir='ltr'>aedi·</span> 
     </span>
    </p>

    <p class='ocr_par' dir='ltr' id='par_1_9' title="bbox 153 1877 1463 2457">
     <span class='ocr_line' id='line_1_17' title="bbox 155 1877 1462 1976; baseline 0.002 -25"><span class='ocrx_word' id='word_1_125' title='bbox 155 1930 185 1972; x_wconf 93' lang='lat'>„</span> <span class='ocrx_word' id='word_1_126' title='bbox 204 1881 269 1952; x_wconf 91' lang='lat' dir='ltr'>bus</span> <span class='ocrx_word' id='word_1_127' title='bbox 289 1884 362 1956; x_wconf 68' lang='grc' dir='ltr'>ἃς.</span> <span class='ocrx_word' id='word_1_128' title='bbox 396 1902 661 1976; x_wconf 78' lang='lat' dir='ltr'>occupaverant</span> <span class='ocrx_word' id='word_1_129' title='bbox 689 1901 924 1976; x_wconf 86' lang='lat' dir='ltr'>ceperantve,</span> <span class='ocrx_word' id='word_1_130' title='bbox 961 1903 1065 1974; x_wconf 84' lang='lat' dir='ltr'>quam</span> <span class='ocrx_word' id='word_1_131' title='bbox 1086 1880 1240 1974; x_wconf 87' lang='lat' dir='ltr'>primum</span> <span class='ocrx_word' id='word_1_132' title='bbox 1260 1877 1462 1954; x_wconf 81' lang='lat' dir='ltr'>restituant.</span> 
     </span>
     <span class='ocr_line' id='line_1_18' title="bbox 156 1976 1463 2073; baseline 0 -23"><span class='ocrx_word' id='word_1_133' title='bbox 156 2028 184 2070; x_wconf 95' lang='lat'>„</span> <span class='ocrx_word' id='word_1_134' title='bbox 205 1979 400 2069; x_wconf 85' lang='lat' dir='ltr'>Ceterum,</span> <span class='ocrx_word' id='word_1_135' title='bbox 418 1999 459 2050; x_wconf 88' lang='lat' dir='ltr'>ut</span> <span class='ocrx_word' id='word_1_136' title='bbox 469 1977 712 2073; x_wconf 85' lang='lat' dir='ltr'>nihilgravius</span> <span class='ocrx_word' id='word_1_137' title='bbox 725 1980 760 2049; x_wconf 92' lang='lat' dir='ltr'>in</span> <span class='ocrx_word' id='word_1_138' title='bbox 770 2001 830 2049; x_wconf 90' lang='lat' dir='ltr'>eos</span> <span class='ocrx_word' id='word_1_139' title='bbox 842 1976 1032 2065; x_wconf 83' lang='lat' dir='ltr'>statuatur,</span> <span class='ocrx_word' id='word_1_140' title='bbox 1052 1978 1111 2070; x_wconf 89' lang='lat' dir='ltr'>qui</span> <span class='ocrx_word' id='word_1_141' title='bbox 1123 1977 1336 2068; x_wconf 85' lang='lat' dir='ltr'>conciones,</span> <span class='ocrx_word' id='word_1_142' title='bbox 1354 1976 1463 2050; x_wconf 90' lang='lat' dir='ltr'>dum·</span> 
     </span>
     <span class='ocr_line' id='line_1_19' title="bbox 153 2072 1462 2170; baseline 0.005 -27"><span class='ocrx_word' id='word_1_143' title='bbox 153 2123 184 2164; x_wconf 93' lang='lat'><strong>„</strong></span> <span class='ocrx_word' id='word_1_144' title='bbox 204 2076 312 2144; x_wconf 89' lang='lat' dir='ltr'>modo</span> <span class='ocrx_word' id='word_1_145' title='bbox 322 2099 373 2146; x_wconf 84' lang='lat' dir='ltr'>eae</span> <span class='ocrx_word' id='word_1_146' title='bbox 384 2073 598 2145; x_wconf 83' lang='lat' dir='ltr'>extraurbes</span> <span class='ocrx_word' id='word_1_147' title='bbox 608 2073 823 2165; x_wconf 82' lang='lat' dir='ltr'>habeantur,</span> <span class='ocrx_word' id='word_1_148' title='bbox 844 2072 994 2145; x_wconf 83' lang='lat' dir='ltr'>adierint</span> <span class='ocrx_word' id='word_1_149' title='bbox 1004 2093 1064 2144; x_wconf 85' lang='lat' dir='ltr'>aut</span> <span class='ocrx_word' id='word_1_150' title='bbox 1076 2072 1354 2166; x_wconf 80' lang='lat' dir='ltr'>frequentarint,</span> <span class='ocrx_word' id='word_1_151' title='bbox 1373 2075 1462 2170; x_wconf 86' lang='lat' dir='ltr'>quin</span> 
     </span>
     <span class='ocr_line' id='line_1_20' title="bbox 158 2167 1461 2262; baseline 0.007 -26"><span class='ocrx_word' id='word_1_152' title='bbox 158 2216 186 2259; x_wconf 93' lang='lat'>„</span> <span class='ocrx_word' id='word_1_153' title='bbox 206 2170 348 2262; x_wconf 82' lang='lat' dir='ltr'>potius,</span> <span class='ocrx_word' id='word_1_154' title='bbox 367 2187 407 2237; x_wconf 91' lang='lat' dir='ltr'>ut</span> <span class='ocrx_word' id='word_1_155' title='bbox 423 2167 645 2260; x_wconf 85' lang='lat' dir='ltr'>magistratus</span> <span class='ocrx_word' id='word_1_156' title='bbox 659 2191 719 2237; x_wconf 87' lang='lat' dir='ltr'>eos</span> <span class='ocrx_word' id='word_1_157' title='bbox 738 2188 950 2260; x_wconf 85' lang='lat' dir='ltr'>protegant,</span> <span class='ocrx_word' id='word_1_158' title='bbox 970 2170 1006 2240; x_wconf 89' lang='lat'>&amp;</span> <span class='ocrx_word' id='word_1_159' title='bbox 1018 2169 1062 2239; x_wconf 84' lang='lat' dir='ltr'>ab</span> <span class='ocrx_word' id='word_1_160' title='bbox 1081 2171 1179 2239; x_wconf 90' lang='lat' dir='ltr'>omni</span> <span class='ocrx_word' id='word_1_161' title='bbox 1199 2171 1461 2262; x_wconf 86' lang='lat' dir='ltr'>injuriadefeu·</span> 
     </span>
     <span class='ocr_line' id='line_1_21' title="bbox 155 2259 1461 2356; baseline 0.005 -22"><span class='ocrx_word' id='word_1_162' title='bbox 155 2312 183 2356; x_wconf 94' lang='lat'>„</span> <span class='ocrx_word' id='word_1_163' title='bbox 202 2263 304 2355; x_wconf 80' lang='lat' dir='ltr'>dant,</span> <span class='ocrx_word' id='word_1_164' title='bbox 324 2264 360 2333; x_wconf 93' lang='lat' dir='ltr'>in</span> <span class='ocrx_word' id='word_1_165' title='bbox 370 2259 549 2333; x_wconf 80' lang='lat' dir='ltr'>seditiosos</span> <span class='ocrx_word' id='word_1_166' title='bbox 561 2262 720 2334; x_wconf 86' lang='lat' dir='ltr'>utriusve</span> <span class='ocrx_word' id='word_1_167' title='bbox 729 2261 911 2356; x_wconf 86' lang='lat' dir='ltr'>religionis</span> <span class='ocrx_word' id='word_1_168' title='bbox 924 2260 1008 2348; x_wconf 80' lang='lat' dir='ltr'>sint,</span> <span class='ocrx_word' id='word_1_169' title='bbox 1024 2260 1229 2335; x_wconf 69' lang='lat' dir='ltr'>severissime</span> <span class='ocrx_word' id='word_1_170' title='bbox 1239 2266 1461 2341; x_wconf 84' lang='lat' dir='ltr'>animadver-</span> 
     </span>
     <span class='ocr_line' id='line_1_22' title="bbox 157 2357 1459 2457; baseline 0.005 -26"><span class='ocrx_word' id='word_1_171' title='bbox 157 2379 270 2452; x_wconf 85' lang='lat' dir='ltr'>tant„</span> <span class='ocrx_word' id='word_1_172' title='bbox 298 2360 371 2433; x_wconf 73' lang='grc' dir='ltr'>δῖε.</span> <span class='ocrx_word' id='word_1_173' title='bbox 399 2382 434 2431; x_wconf 81' lang='lat' dir='ltr'>v.</span> <span class='ocrx_word' id='word_1_174' title='bbox 453 2357 671 2431; x_wconf 83' lang='lat' dir='ltr'><strong>THUAN.</strong></span> <span class='ocrx_word' id='word_1_175' title='bbox 690 2357 829 2431; x_wconf 80' lang='lat' dir='ltr'>Histor.</span> <span class='ocrx_word' id='word_1_176' title='bbox 848 2357 933 2434; x_wconf 90' lang='lat' dir='ltr'>Lib.</span> <span class='ocrx_word' id='word_1_177' title='bbox 953 2357 1105 2431; x_wconf 88' lang='lat' dir='ltr'>XXIX.</span> <span class='ocrx_word' id='word_1_178' title='bbox 1133 2359 1280 2433; x_wconf 86' lang='lat' dir='ltr'>C.V11.</span> <span class='ocrx_word' id='word_1_179' title='bbox 1300 2360 1363 2434; x_wconf 85' lang='lat' dir='ltr'><strong>fol.</strong></span> <span class='ocrx_word' id='word_1_180' title='bbox 1378 2360 1459 2457; x_wconf 86' lang='lat'>158.</span> 
     </span>
    </p>

    <p class='ocr_par' dir='ltr' id='par_1_10' title="bbox 152 2453 1461 3249">
     <span class='ocr_line' id='line_1_23' title="bbox 156 2453 1461 2551; baseline 0.003 -23"><span class='ocrx_word' id='word_1_181' title='bbox 156 2455 240 2529; x_wconf 76' lang='lat' dir='ltr'>Tum</span> <span class='ocrx_word' id='word_1_182' title='bbox 255 2454 507 2550; x_wconf 85' lang='lat' dir='ltr'>enimMr&#39;nistri</span> <span class='ocrx_word' id='word_1_183' title='bbox 524 2456 595 2548; x_wconf 88' lang='lat' dir='ltr'>(uti</span> <span class='ocrx_word' id='word_1_184' title='bbox 614 2453 678 2527; x_wconf 81' lang='lat' dir='ltr'><strong>fol.</strong></span> <span class='ocrx_word' id='word_1_185' title='bbox 693 2477 772 2551; x_wconf 86' lang='lat'>159.</span> <span class='ocrx_word' id='word_1_186' title='bbox 798 2454 881 2529; x_wconf 86' lang='lat' dir='ltr'>infit</span> <span class='ocrx_word' id='word_1_187' title='bbox 896 2456 1093 2546; x_wconf 82' lang='lat' dir='ltr'>Thunnus,</span> <span class='ocrx_word' id='word_1_188' title='bbox 1111 2480 1182 2528; x_wconf 91' lang='lat' dir='ltr'>non</span> <span class='ocrx_word' id='word_1_189' title='bbox 1200 2455 1350 2530; x_wconf 74' lang='lat' dir='ltr'>obscure</span> <span class='ocrx_word' id='word_1_190' title='bbox 1368 2458 1461 2532; x_wconf 89' lang='lat' dir='ltr'>allu-</span> 
     </span>
     <span class='ocr_line' id='line_1_24' title="bbox 155 2551 1460 2652; baseline 0.005 -28"><span class='ocrx_word' id='word_1_191' title='bbox 155 2553 273 2624; x_wconf 89' lang='lat' dir='ltr'>dendo</span> <span class='ocrx_word' id='word_1_192' title='bbox 290 2555 333 2626; x_wconf 81' lang='lat' dir='ltr'>ad</span> <span class='ocrx_word' id='word_1_193' title='bbox 352 2553 442 2625; x_wconf 88' lang='lat' dir='ltr'>hanc</span> <span class='ocrx_word' id='word_1_194' title='bbox 462 2552 678 2647; x_wconf 84' lang='lat' dir='ltr'>Epistulam)</span> <span class='ocrx_word' id='word_1_195' title='bbox 700 2606 733 2624; x_wconf 91' lang='lat'>..</span> <span class='ocrx_word' id='word_1_196' title='bbox 751 2609 759 2626; x_wconf 93' lang='lat'><strong><em>.</em></strong></span> <span class='ocrx_word' id='word_1_197' title='bbox 784 2553 917 2646; x_wconf 77' lang='lat' dir='ltr'>adsunt</span> <span class='ocrx_word' id='word_1_198' title='bbox 926 2551 1135 2647; x_wconf 78' lang='lat' dir='ltr'>scribebant,</span> <span class='ocrx_word' id='word_1_199' title='bbox 1156 2555 1198 2634; x_wconf 67' lang='lat'>&amp;²</span> <span class='ocrx_word' id='word_1_200' title='bbox 1215 2570 1253 2626; x_wconf 87' lang='lat' dir='ltr'>nt</span> <span class='ocrx_word' id='word_1_201' title='bbox 1269 2556 1460 2652; x_wconf 77' lang='lat' dir='ltr'>beneficium</span> 
     </span>
     <span class='ocr_line' id='line_1_25' title="bbox 155 2650 1459 2747; baseline 0 -23"><span class='ocrx_word' id='word_1_202' title='bbox 155 2653 244 2724; x_wconf 83' lang='lat' dir='ltr'>iilud</span> <span class='ocrx_word' id='word_1_203' title='bbox 257 2653 301 2722; x_wconf 78' lang='lat' dir='ltr'>ab</span> <span class='ocrx_word' id='word_1_204' title='bbox 318 2655 437 2744; x_wconf 85' lang='lat' dir='ltr'>optime</span> <span class='ocrx_word' id='word_1_205' title='bbox 449 2655 598 2744; x_wconf 84' lang='lat' dir='ltr'>principe</span> <span class='ocrx_word' id='word_1_206' title='bbox 607 2650 791 2743; x_wconf 76' lang='lat' dir='ltr'>profeitnm</span> <span class='ocrx_word' id='word_1_207' title='bbox 808 2655 892 2722; x_wconf 78' lang='lat' dir='ltr'>aitis</span> <span class='ocrx_word' id='word_1_208' title='bbox 910 2653 983 2723; x_wconf 85' lang='lat' dir='ltr'>Deo</span> <span class='ocrx_word' id='word_1_209' title='bbox 995 2657 1119 2747; x_wconf 84' lang='lat' dir='ltr'>gratiis</span> <span class='ocrx_word' id='word_1_210' title='bbox 1136 2655 1397 2746; x_wconf 71' lang='lat' dir='ltr'>amplctinntnr,</span> <span class='ocrx_word' id='word_1_211' title='bbox 1414 2654 1459 2736; x_wconf 80' lang='lat'><em>&amp;</em></span> 
     </span>
     <span class='ocr_line' id='line_1_26' title="bbox 154 2748 1461 2844; baseline 0.005 -25"><span class='ocrx_word' id='word_1_212' title='bbox 154 2762 233 2821; x_wconf 85' lang='lat' dir='ltr'>ante</span> <span class='ocrx_word' id='word_1_213' title='bbox 247 2749 319 2820; x_wconf 85' lang='lat' dir='ltr'>alin</span> <span class='ocrx_word' id='word_1_214' title='bbox 337 2753 372 2819; x_wconf 89' lang='lat' dir='ltr'>in</span> <span class='ocrx_word' id='word_1_215' title='bbox 385 2752 576 2840; x_wconf 84' lang='lat' dir='ltr'>templorum</span> <span class='ocrx_word' id='word_1_216' title='bbox 584 2763 822 2844; x_wconf 86' lang='lat' dir='ltr'>ceterorumque</span> <span class='ocrx_word' id='word_1_217' title='bbox 831 2748 1005 2836; x_wconf 85' lang='lat' dir='ltr'>bonerum,</span> <span class='ocrx_word' id='word_1_218' title='bbox 1023 2772 1094 2843; x_wconf 85' lang='lat' dir='ltr'>qnae</span> <span class='ocrx_word' id='word_1_219' title='bbox 1102 2749 1318 2842; x_wconf 80' lang='lat' dir='ltr'>ecclestnsiicis</span> <span class='ocrx_word' id='word_1_220' title='bbox 1326 2753 1461 2827; x_wconf 84' lang='lat' dir='ltr'>ademta</span> 
     </span>
     <span class='ocr_line' id='line_1_27' title="bbox 152 2843 1461 2944; baseline 0.004 -25"><span class='ocrx_word' id='word_1_221' title='bbox 152 2862 271 2934; x_wconf 87' lang='lat' dir='ltr'>erant,</span> <span class='ocrx_word' id='word_1_222' title='bbox 303 2843 507 2937; x_wconf 83' lang='lat' dir='ltr'>restitutione</span> <span class='ocrx_word' id='word_1_223' title='bbox 524 2843 564 2938; x_wconf 84' lang='lat' dir='ltr'>se</span> <span class='ocrx_word' id='word_1_224' title='bbox 585 2851 758 2940; x_wconf 82' lang='lat' dir='ltr'>morigeros</span> <span class='ocrx_word' id='word_1_225' title='bbox 773 2846 965 2938; x_wconf 79' lang='lat' dir='ltr'>prebeant,</span> <span class='ocrx_word' id='word_1_226' title='bbox 990 2845 1232 2934; x_wconf 84' lang='lat' dir='ltr'>hortabantur,</span> <span class='ocrx_word' id='word_1_227' title='bbox 1259 2855 1461 2944; x_wconf 82' lang='lat' dir='ltr'>nequeenim</span> 
     </span>
     <span class='ocr_line' id='line_1_28' title="bbox 153 2941 1460 3044; baseline 0.005 -28"><span class='ocrx_word' id='word_1_228' title='bbox 153 2945 192 3016; x_wconf 86' lang='lat' dir='ltr'>id</span> <span class='ocrx_word' id='word_1_229' title='bbox 214 2941 298 3039; x_wconf 84' lang='lat' dir='ltr'>ipses</span> <span class='ocrx_word' id='word_1_230' title='bbox 323 2958 395 3013; x_wconf 87' lang='lat' dir='ltr'>tam</span> <span class='ocrx_word' id='word_1_231' title='bbox 412 2957 559 3038; x_wconf 83' lang='lat' dir='ltr'>gravere</span> <span class='ocrx_word' id='word_1_232' title='bbox 569 2941 686 3034; x_wconf 85' lang='lat' dir='ltr'>faeere</span> <span class='ocrx_word' id='word_1_233' title='bbox 702 2943 836 3030; x_wconf 87' lang='lat' dir='ltr'>debere,</span> <span class='ocrx_word' id='word_1_234' title='bbox 861 2966 960 3038; x_wconf 85' lang='lat' dir='ltr'>qnam</span> <span class='ocrx_word' id='word_1_235' title='bbox 975 2947 1196 3015; x_wconf 79' lang='lat' dir='ltr'>temeritatem</span> <span class='ocrx_word' id='word_1_236' title='bbox 1206 2942 1305 3039; x_wconf 81' lang='lat' dir='ltr'>stram</span> <span class='ocrx_word' id='word_1_237' title='bbox 1323 2948 1460 3044; x_wconf 76' lang='lat' dir='ltr'>ingenui</span> 
     </span>
     <span class='ocr_line' id='line_1_29' title="bbox 153 3038 1459 3138; baseline 0.003 -26"><span class='ocrx_word' id='word_1_238' title='bbox 153 3038 342 3136; x_wconf 81' lang='lat' dir='ltr'>agnoscere,</span> <span class='ocrx_word' id='word_1_239' title='bbox 366 3046 425 3134; x_wconf 88' lang='lat' dir='ltr'>qui</span> <span class='ocrx_word' id='word_1_240' title='bbox 435 3042 580 3133; x_wconf 86' lang='lat' dir='ltr'>privata</span> <span class='ocrx_word' id='word_1_241' title='bbox 597 3044 795 3113; x_wconf 72' lang='lat' dir='ltr'>enitoritnte</span> <span class='ocrx_word' id='word_1_242' title='bbox 812 3044 847 3112; x_wconf 90' lang='lat' dir='ltr'>in</span> <span class='ocrx_word' id='word_1_243' title='bbox 863 3041 1007 3111; x_wconf 83' lang='lat' dir='ltr'>alienam</span> <span class='ocrx_word' id='word_1_244' title='bbox 1020 3041 1231 3133; x_wconf 81' lang='lat' dir='ltr'>peffefflonent</span> <span class='ocrx_word' id='word_1_245' title='bbox 1249 3048 1459 3138; x_wconf 81' lang='lat' dir='ltr'>invaserint,</span> 
     </span>
     <span class='ocr_line' id='line_1_30' title="bbox 154 3137 1457 3249; baseline 0.005 -42"><span class='ocrx_word' id='word_1_246' title='bbox 154 3161 252 3249; x_wconf 81' lang='lat' dir='ltr'>neque</span> <span class='ocrx_word' id='word_1_247' title='bbox 269 3139 500 3229; x_wconf 63' lang='lat' dir='ltr'>expectandum</span> <span class='ocrx_word' id='word_1_248' title='bbox 516 3138 694 3229; x_wconf 85' lang='lat' dir='ltr'>duxerint,</span> <span class='ocrx_word' id='word_1_249' title='bbox 712 3139 790 3210; x_wconf 86' lang='lat' dir='ltr'>dum</span> <span class='ocrx_word' id='word_1_250' title='bbox 807 3137 924 3228; x_wconf 87' lang='lat' dir='ltr'>Dens,</span> <span class='ocrx_word' id='word_1_251' title='bbox 944 3143 1001 3232; x_wconf 87' lang='lat' dir='ltr'>qui</span> <span class='ocrx_word' id='word_1_252' title='bbox 1018 3142 1183 3233; x_wconf 87' lang='lat' dir='ltr'>religionis</span> <span class='ocrx_word' id='word_1_253' title='bbox 1200 3140 1331 3231; x_wconf 77' lang='lat' dir='ltr'>ransrtm</span> <span class='ocrx_word' id='word_1_254' title='bbox 1348 3146 1457 3236; x_wconf 79' lang='lat' dir='ltr'>regit,</span> 
     </span>
    </p>

    <p class='ocr_par' dir='ltr' id='par_1_11' title="bbox 153 3237 392 3304">
     <span class='ocr_line' id='line_1_31' title="bbox 153 3237 392 3304; baseline 0.021 -5"><span class='ocrx_word' id='word_1_255' title='bbox 153 3256 168 3300; x_wconf 79' lang='lat' dir='ltr'>r</span> <span class='ocrx_word' id='word_1_256' title='bbox 202 3254 232 3300; x_wconf 91' lang='lat' dir='ltr'>rs</span> <span class='ocrx_word' id='word_1_257' title='bbox 268 3237 392 3304; x_wconf 84' lang='lat' dir='ltr'>raeiret.</span> 
     </span>
    </p>

    <p class='ocr_par' dir='ltr' id='par_1_12' title="bbox 164 3235 1456 3444">
     <span class='ocr_line' id='line_1_32' title="bbox 164 3235 1456 3444; baseline 0.006 -47"><span class='ocrx_word' id='word_1_258' title='bbox 164 3235 440 3399; x_wconf 63' lang='lat' dir='ltr'>pscinservavit</span> <span class='ocrx_word' id='word_1_259' title='bbox 464 3347 582 3401; x_wconf 83' lang='lat' dir='ltr'>autem</span> <span class='ocrx_word' id='word_1_260' title='bbox 611 3327 702 3401; x_wconf 86' lang='lat' dir='ltr'>hanc</span> <span class='ocrx_word' id='word_1_261' title='bbox 732 3326 836 3400; x_wconf 91' lang='lat' dir='ltr'>nobis</span> <span class='ocrx_word' id='word_1_262' title='bbox 863 3323 1062 3444; x_wconf 70' lang='lat' dir='ltr'>Epistolam</span> <span class='ocrx_word' id='word_1_263' title='bbox 1091 3325 1236 3400; x_wconf 86' lang='lat' dir='ltr'>Theod.</span> <span class='ocrx_word' id='word_1_264' title='bbox 1263 3328 1398 3404; x_wconf 86' lang='lat' dir='ltr'><strong>BEZA</strong></span> <span class='ocrx_word' id='word_1_265' title='bbox 1417 3329 1456 3406; x_wconf 91' lang='lat' dir='ltr'>in</span> 
     </span>
    </p>

    <p class='ocr_par' dir='ltr' id='par_1_13' title="bbox 69 3419 1475 3528">
     <span class='ocr_line' id='line_1_33' title="bbox 69 3419 1475 3528; baseline 0.003 -31"><span class='ocrx_word' id='word_1_266' title='bbox 69 3437 75 3447; x_wconf 87' lang='grc'><em>“</em></span> <span class='ocrx_word' id='word_1_267' title='bbox 156 3419 296 3497; x_wconf 75' lang='lat' dir='ltr'>Histor.</span> <span class='ocrx_word' id='word_1_268' title='bbox 326 3421 463 3496; x_wconf 84' lang='lat' dir='ltr'>Eccles.</span> <span class='ocrx_word' id='word_1_269' title='bbox 492 3426 552 3500; x_wconf 84' lang='lat' dir='ltr'>des</span> <span class='ocrx_word' id='word_1_270' title='bbox 574 3424 712 3521; x_wconf 84' lang='lat' dir='ltr'>Egiises</span> <span class='ocrx_word' id='word_1_271' title='bbox 731 3421 949 3498; x_wconf 85' lang='lat' dir='ltr'>Reformees</span> <span class='ocrx_word' id='word_1_272' title='bbox 967 3421 1011 3495; x_wconf 87' lang='lat' dir='ltr'>de</span> <span class='ocrx_word' id='word_1_273' title='bbox 1028 3423 1058 3496; x_wconf 92' lang='lat' dir='ltr'>F</span> <span class='ocrx_word' id='word_1_274' title='bbox 1061 3445 1165 3498; x_wconf 81' lang='lat' dir='ltr'>rauce</span> <span class='ocrx_word' id='word_1_275' title='bbox 1183 3425 1297 3504; x_wconf 81' lang='lat' dir='ltr'><strong>Tom.</strong></span> <span class='ocrx_word' id='word_1_276' title='bbox 1316 3429 1347 3503; x_wconf 91' lang='grc' dir='ltr'>Ι.</span> <span class='ocrx_word' id='word_1_277' title='bbox 1373 3450 1475 3528; x_wconf 78' lang='lat' dir='ltr'><strong>pag.-</strong></span> 
     </span>
    </p>
   </div>
   <div class='ocr_carea' id='block_1_4' title="bbox 155 3515 864 3668">
    <p class='ocr_par' dir='ltr' id='par_1_14' title="bbox 155 3515 864 3668">
     <span class='ocr_line' id='line_1_34' title="bbox 155 3515 864 3668; baseline 0.004 -76"><span class='ocrx_word' id='word_1_278' title='bbox 155 3515 240 3595; x_wconf 76' lang='lat'>88⁶.</span> <span class='ocrx_word' id='word_1_279' title='bbox 259 3516 330 3617; x_wconf 86' lang='lat' dir='ltr'>seq.</span> <span class='ocrx_word' id='word_1_280' title='bbox 357 3520 410 3592; x_wconf 80' lang='lat' dir='ltr'>Ea</span> <span class='ocrx_word' id='word_1_281' title='bbox 427 3523 477 3595; x_wconf 80' lang='lat' dir='ltr'>ita</span> <span class='ocrx_word' id='word_1_282' title='bbox 493 3522 527 3598; x_wconf 88' lang='lat' dir='ltr'>se</span> <span class='ocrx_word' id='word_1_283' title='bbox 545 3522 673 3598; x_wconf 80' lang='lat' dir='ltr'>habet:</span> <span class='ocrx_word' id='word_1_284' title='bbox 746 3620 768 3668; x_wconf 53' lang='lat'><em>*</em></span> <span class='ocrx_word' id='word_1_285' title='bbox 794 3618 816 3666; x_wconf 53' lang='lat'><em>*</em></span> <span class='ocrx_word' id='word_1_286' title='bbox 842 3618 864 3666; x_wconf 53' lang='lat'><em>*</em></span> 
     </span>
    </p>
   </div>
   <div class='ocr_carea' id='block_1_5' title="bbox 774 3716 844 3860">
    <p class='ocr_par' dir='ltr' id='par_1_15' title="bbox 774 3716 844 3860">
     <span class='ocr_line' id='line_1_35' title="bbox 774 3716 844 3764; baseline 0 0"><span class='ocrx_word' id='word_1_287' title='bbox 774 3716 844 3764; x_wconf 71' lang='grc' dir='ltr'>Η</span> 
     </span>
     <span class='ocr_line' id='line_1_36' title="bbox 799 3812 822 3860; baseline 0 0"><span class='ocrx_word' id='word_1_288' title='bbox 799 3812 822 3860; x_wconf 55' lang='grc' dir='ltr'><strong>ᾖ</strong></span> 
     </span>
    </p>
   </div>
   <div class='ocr_carea' id='block_1_6' title="bbox 0 0 1666 4456">
    <p class='ocr_par' dir='ltr' id='par_1_16' title="bbox 0 0 1666 4456">
     <span class='ocr_line' id='line_1_37' title="bbox 0 0 1666 4456; baseline 0 2"><span class='ocrx_word' id='word_1_289' title='bbox 0 0 1666 4456; x_wconf 95' lang='lat' dir='ltr'> </span> 
     </span>
    </p>
   </div>
  </div>
 </body>
</html>
