3322 4456
206 287 254 364 ao
418 280 805 364 nrsronra
848 280 1295 366 uvnuonnrr
1348 283 1525 396 ansgis

220 456 223 461 ·
260 416 301 490 ln
321 415 514 489 Academia
531 410 619 485 verb
638 413 841 505 Bituricerrfi
850 462 862 502 ‚
879 431 961 505 quae
980 413 1188 511 Margaritae
1206 416 1349 516 Valrstae
1367 424 1517 496 Navar-

209 541 360 591 ranorum
380 514 536 612 Reginae
556 511 721 609 parebat,
740 532 824 582 cum
845 510 1000 584 Andreas
1019 517 1175 586 Alciatur
1193 538 1265 586 non
1284 521 1413 591 minori
1433 545 1518 599 cum

212 614 425 688 eruditionis
451 612 553 684 laude
578 607 901 705 Jurisprudentiam
929 608 1097 702 doceret,
1133 612 1170 684 &
1189 635 1270 684 eum
1291 639 1434 713 quoque
1455 618 1520 692 fibi

214 711 428 783 audiendum
445 709 513 782 elle
532 713 698 781 Calvinus
716 728 859 800 aequum
874 706 1073 801 judicaret,
1095 707 1225 782 fabium
1244 716 1378 802 ell,'ut
1399 718 1519 791 Evan.

216 811 345 908 gelicae
364 806 537 880 dodlrinae
557 808 684 880 ueritas
706 801 807 874 srmul
827 803 869 874 ad
889 805 980 899 ipsos
999 806 1182 904 Biturigas
1200 809 1405 904 devenerit,
1423 818 1521 913 iique

217 909 255 980 in
274 911 439 995 Calvina,
458 929 531 977 non
549 927 619 977 tam
629 901 928 997 Jurisprudentiae
948 903 1004 974 vel
1023 903 1238 1002 discipulum
1259 911 1316 980 vel
1334 911 1522 990 doclorem

218 1028 323 1102 quam
352 1006 473 1100 potius
500 1001 704 1098 Religionis
732 999 885 1092 purioris
913 999 950 1071 ὃς
978 1000 1179 1076 Dodiorem
1211 1007 1380 1083 haberent
1409 1015 1443 1085 ὃ(
1464 1037 1520 1085 re·

219 1105 471 1176 stauratorem:
492 1097 604 1174 Certe
624 1119 734 1192 quum
754 1093 800 1168 eb
819 1093 1001 1191 migrasset
1020 1101 1071 1188 (a)
1096 1103 1291 1175 amicitiam
1311 1109 1447 1184 iniit&
1467 1136 1522 1185 re·

218 1202 364 1297 ligionis
391 1200 427 1273 ἃ
452 1199 633 1270 literarum
653 1193 820 1283 nomine,
847 1215 929 1264 cum
948 1193 1133 1266 Melchiore
1152 1199 1332 1292 Valmaro,
1360 1211 1531 1286 Germano·
1606 1268 1610 1272 .

219 1304 430 1391 Rorvilenst,
465 1293 678 1364 Graecarum
707 1289 888 1360 literarum
916 1288 1067 1387 publico
1090 1311 1172 1364 tum
1200 1295 1275 1367 illic
1302 1301 1523 1400 Professore,

190 1449 195 1462 .
218 1402 323 1493 cujus
343 1391 491 1465 maximi
512 1390 578 1459 viri
597 1384 819 1479 doilrinam,
839 1389 1033 1484 pietatem,
1052 1410 1257 1488 ceterasque
1268 1397 1440 1491 virtutes,
1459 1404 1523 1476 ad·

218 1494 417 1565 mirabilem
452 1486 605 1584 denique
637 1488 673 1559 in
698 1487 890 1560 erudienda
911 1488 1112 1581 Juventute
1137 1491 1388 1570 dexteritatem
1416 1524 1536 1575 nemo.

217 1589 296 1662 satis
315 1586 543 1684 praedicarit,
582 1586 668 1658 Hoc
686 1582 887 1659 auclore&
905 1589 1071 1682 adjutore
1090 1586 1239 1667 Graecas
1256 1593 1373 1667 literas
1392 1598 1533 1676 didicitr

220 1690 407 1777 Calvinus,
426 1687 529 1757 cu'us
548 1683 715 1755 beneficii
734 1684 941 1756 memoriam
960 1686 1128 1756 omnibus
1146 1687 1268 1781 postea
1286 1691 1445 1765 testatam
1456 1696 1527 1772 elle

219 1787 360 1877 voluit,
394 1709 607 1855 consecratis
632 1780 741 1878 ipfius
771 1781 927 1855 Nomini
954 1786 1244 1879 commentariis,
1273 1810 1362 1882 quos
1381 1792 1417 1865 in
1435 1793 1529 1869 alte·v

218 1907 293 1957 ram
318 1883 361 1954 ad
389 1879 604 1954 Corinthios
624 1879 680 1974 (b)
712 1878 912 1976 Epistolam
930 1879 1057 1953 edidit.
1107 1880 1150 1952 ln
1167 1880 1221 1956 his
1240 1882 1328 1957 verb
1345 1912 1429 1962 cum
1450 1891 1524 1967 stu·

219 1982 288 2056 diis
314 1979 510 2052 versaretur
536 1982 720 2069 Calvinus,
756 1979 793 2050 &
820 1976 930 2051 sacras
953 1997 1069 2050 tamen
1087 1977 1206 2054 literas
1224 1979 1354 2057 assidui
1372 2008 1536 2086 tereretp

218 2081 252 2154 ia'
275 2102 348 2152 non
370 2096 509 2150 tantum
529 2077 565 2148 in
584 2077 742 2149 veritatis
762 2073 879 2148 studio
897 2075 1202 2152 corroborabatur
1217 2078 1329 2155 indies
1348 2080 1405 2156 sed
1426 2086 1464 2161 &
1482 2099 1539 2163 ut':

219 2176 296 2249 aliis
313 2174 435 2250 eadem
453 2174 674 2248 illucesceret
691 2173 820 2248 veritas
838 2197 984 2273 operam
1003 2174 1176 2270 navabat,
1210 2181 1400 2257 nonnullas
1417 2185 1537 2260 inter·:

218 2275 306 2347 dum
333 2273 527 2348 conciones
552 2273 716 2347 habendo
742 2276 777 2345 in
804 2296 893 2371 agro
913 2274 1145 2373 Biturigum,
1173 2277 1211 2350 in
1229 2281 1408 2377 oppidulo
1427 2284 1533 2384 quoa

218 2371 381 2447 Linerias
398 2393 551 2464 vocant,
577 2371 751 2470 praesente
770 2371 808 2446 δε
826 2372 1004 2470 probante
1020 2375 1115 2447 illius
1134 2374 1323 2466 Domino,

144 2510 147 2515 >
248 2471 377 2570 'Apud
395 2471 559 2572 Tolosates
574 2490 718 2566 autem,
741 2493 783 2546 ut
801 2471 968 2547 Christus
985 2470 1246 2567 innotesceret,
1271 2477 1394 2570 Julius
1412 2481 1532 2579 Caesaa

217 2573 389 2675 Scaliger,
408 2572 580 2647 Summus
599 2571 660 2646 ille
677 2570 738 2645 suo
756 2593 922 2668 tempore
939 2570 1201 2666 Philosophus,
1218 2573 1405 2651 Literator
1421 2599 1533 2674 atque

218 2669 413 2759 Medicus,
430 2672 569 2764 Jafephr'
578 2670 898 2757 SCALIGERI,
917 2691 1023 2758 quem
1040 2667 1267 2740 eruditorum
1286 2673 1527 2762 coryphaeum

217 2766 417 2857 agnoscunt
434 2786 579 2852 omnes,
599 2766 750 2847 Parcus,
769 2759 877 2846 fecit,
898 2761 959 2827 cui
977 2780 1050 2828 non
1069 2757 1208 2847 Aginni
1226 2759 1337 2827 modo
1351 2760 1479 2831 civitas
1489 2765 1528 2836 in

218 2880 288 2958 qua
306 2854 490 2948 consedit,
508 2854 565 2929 sed
583 2853 777 2949 Aquitania
796 2872 900 2946 paene
917 2850 990 2946 ipsa
1009 2851 1062 2944 (c)
1089 2848 1174 2944 (piis
1191 2848 1302 2947 ipsius
1317 2853 1430 2926 domo
1447 2873 1528 2933 tan·

1420 2975 1529 3054 quam

276 3122 294 3167 a
334 3095 614 3165 BEZhloc.cir.

226 3212 231 3223 ·
259 3101 312 3270 hd)
337 3181 460 3250 BEZA
477 3182 508 3248 iu
526 3180 674 3247 leonibus
693 3174 739 3242 lit.
758 3174 804 3243 X.
823 3176 851 3241 ῐῐ.
877 3175 956 3242 inter
971 3180 1032 3246 alia
1048 3180 1088 3247 de
1105 3177 1267 3249 Volmaro
1284 3181 1365 3249 hoc:
1387 3183 1536 3270 Majorer'

218 3271 337 3356 inquit,
361 3268 456 3334 mnlrl
468 3267 595 3350 frui‘ias
610 3262 682 3328 inde
698 3260 862 3327 colleiirrra
878 3261 1001 3346 Gallia,
1031 3262 1089 3345 nt‘fi
1098 3267 1219 3353 partim
1226 3268 1367 3348 saevities
1381 3272 1530 3355 adversus

214 3362 281 3444 pios
305 3354 534 3434 recrudescens,
586 3351 681 3414 artim
705 3345 809 3412 Ulrr‘ci
834 3346 936 3412 Duris
959 3350 1253 3438 Wartembergenſjs
1273 3375 1344 3416 eum
1359 3355 1529 3420 invitantis

219 3442 406 3517 auctoritas,
429 3437 518 3501 illum
535 3369 706 3535 &dirigam
721 3433 870 3515 A.1535.
894 3435 1051 3519 evacaffet.
1070 3481 1078 3498 .
1098 3481 1106 3498 .
1125 3479 1133 3496 ·
1176 3432 1356 3519 Deinceps,
1371 3437 1404 3502 se
1419 3438 1437 3502 i
1453 3460 1531 3522 pue·

75 3530 103 3603 ,ζ
217 3526 285 3592 titia
300 3524 463 3607 proficetur
480 3541 555 3588 eum
573 3538 705 3585 unicum
722 3519 783 3582 elle
800 3517 931 3586 nablum
948 3534 1197 3606 preceptorem,
1221 3521 1252 3587 dt
1270 3521 1384 3586 vivum
1401 3541 1460 3587 ceu
1477 3545 1531 3608 pa·

216 3622 338 3676 rentem
355 3610 489 3673 alterum
508 3607 627 3689 semper
645 3601 777 3669 coluisse
821 3603 988 3670 &morcui
1005 3603 1195 3668 memoriam
1212 3605 1390 3670 celebrasse.
1416 3606 1488 3674 ibid.
1576 3680 1580 3688 ,

260 3695 312 3775 (c)
337 3687 462 3757 BEZA
486 3691 516 3756 in
543 3690 687 3756 leonibus
714 3689 758 3752 lit.
775 3652 822 3753 ll.
840 3689 859 3752 i.
883 3688 972 3753 conf.
990 3685 1067 3754 Bet.
1085 3686 1215 3753 Histoir.
1233 3688 1359 3756 Eccles.
1378 3688 1483 3757 Tom.
1502 3693 1529 3760 1.

216 3796 286 3864 pag.
307 3794 347 3856 24
382 3776 434 3839 ubi
452 3775 612 3858 fingulatis
630 3771 718 3854 Jalir'
733 3770 811 3854 Caes.
827 3772 977 3859 Scaligerr'
992 3792 1069 3838 cura
1084 3771 1115 3836 dt
1133 3776 1339 3856 patrocinium
1356 3796 1413 3859 pro
1423 3769 1532 3842 Evau-

216 3863 289 3948 gelii
313 3859 540 3927 consessoribus
564 3859 752 3944 quibusdam
776 3855 1007 3926 burberauisrnl
1028 3856 1178 3926 accusaris
1201 3863 1255 3925 vel
1271 3858 1418 3946 suspectis
1435 3860 1531 3929 reser-

217 3965 275 4014 utt.
820 4024 824 4031 ¹
929 4027 933 4037 Ι
1484 3974 1494 4039 j
