3322 4456
780 328 912 429 (tos)

611 580 614 585 ’
681 560 1003 638 Num.XXX1.

399 733 699 832 HENRICI
724 731 855 833 Vlll.
893 734 1017 866 Reg.
1044 727 1194 867 Angl.
1222 730 1273 826 (α)

672 873 869 989 Literna,
909 901 998 1002 pro

452 1050 714 1125 Observatione
735 1014 876 1147 Legum
895 1047 1226 1126 Ecclefiasticatum

587 1147 658 1221 ose
677 1149 960 1223 reformatatum.
982 1169 1087 1245 1534·
1182 1223 1185 1228 ,

133 1361 142 1369 ·
287 1362 463 1418 tuticus
491 1339 636 1416 ostanus
664 1343 736 1416 Dei
758 1343 873 1440 gratia
891 1341 1036 1440 Angliae
1055 1340 1274 1416 &Francius
1291 1362 1376 1434 rex,
1402 1340 1488 1419 fidei

300 1441 483 1528 defensor,
519 1442 556 1512 &
585 1440 751 1511 dominus
779 1438 989 1529 Hiberniae,
1018 1461 1058 1510 ac
1077 1440 1114 1509 in
1133 1437 1235 1511 tertis
1255 1440 1486 1537 Anglicauis,

185 1538 249 1612 sub
267 1541 373 1630 Deo,
402 1553 512 1631 caput
527 1534 754 1631 supremum,
779 1536 946 1608 omnibus
964 1533 1260 1630 archiepiscopis,
1286 1536 1487 1635 episcopis,

182 1635 401 1724 abbatibus,
443 1632 608 1724 clericis,
640 1634 814 1725 ducibus,
847 1629 1135 1722 marchionibus,
1169 1631 1386 1724 comitibus,
1421 1635 1485 1707 bu·

185 1731 353 1823 sonibus,
387 1727 582 1818 militibus,
617 1728 817 1826 generosis,
848 1752 890 1801 ac
909 1729 986 1801 aliis
1004 1726 1246 1825 cujuscunque
1263 1732 1401 1826 generis
1418 1729 1488 1805 ho·
1524 1823 1528 1826 ψ

181 1829 360 1922 minibus,
394 1824 541 1900 subditis
568 1827 605 1899 bc
628 1830 729 1925 legiis
747 1825 896 1919 nostris,
929 1847 994 1923 pet
1010 1847 1161 1924 reguum
1180 1824 1341 1900 nostrum
1361 1827 1399 1902 bt
1417 1829 1486 1901 do·

141 1958 144 1963 ·
183 1929 293 2001 tninia
318 1921 436 1999 nolim
460 1923 613 1997 ubilibet
640 1923 965 2018 commorantibus,
999 1922 1169 2018 sulutem,
1204 1924 1241 1999 δι
1266 1926 1487 2024 evangelieo

182 2043 342 2098 tentatis
361 2041 635 2094 incrementum.
1267 2055 1270 2061 >

231 2120 327 2190 Cum
341 2140 427 2206 vos,
447 2119 579 2210 optimi
592 2116 788 2205 civesmei,
807 2115 1186 2210 mihiqutcltatissimi,
1205 2134 1487 2197 menoncunum

182 2229 290 2309 atque
324 2210 437 2283 solum
473 2210 579 2305 hujus
613 2213 716 2305 regni
743 2212 967 2307 principem,
1000 2212 1257 2305 intentisque,
1292 2213 1487 2292 secundum

182 2311 328 2400 Deum,
361 2306 468 2402 hujus
484 2303 643 2377 ecclefiae
663 2304 875 2401 Anglicanae
894 2305 1040 2378 unicum
1059 2305 1334 2403 supremumque
1351 2329 1500 2410 caput,

179 2403 481 2505 quemadmodum
496 2401 610 2473 divini
625 2422 731 2497 atque
750 2401 893 2476 humani
907 2404 999 2501 juris
1016 2402 1108 2475 ratio
1127 2403 1305 2498 postulat,
1326 2407 1485 2502 potestus

180 2523 326 2600 temque
350 2521 423 2575 tam
450 2497 698 2572 ecclesiasticas
725 2518 829 2596 quam
856 2499 1046 2573 mundanas
1070 2500 1211 2595 politiae
1230 2502 1319 2576 mihi
1337 2507 1485 2600 majori·

179 2600 318 2695 busque
334 2599 422 2670 meis
438 2596 514 2690 ipso
526 2598 609 2693 jure
623 2595 747 2668 divino
756 2597 952 2670 concessam
964 2604 1102 2692 (vetum
1116 2597 1485 2680 multisseculisunius

180 2695 339 2770 Romani
355 2692 514 2791 episcopi
533 2694 689 2783 malitia,
722 2691 864 2785 fraude,
898 2693 1010 2785 dolis,
1044 2713 1150 2790 atque
1167 2695 1483 2795 astutiaetcptsm)

179 2796 222 2869 td
245 2810 324 2887 me,
358 2792 396 2868 lt
416 2789 628 2865 successores
646 2812 745 2864 meos
761 2791 958 2886 pertinere,
991 2808 1059 2864 una
1077 2809 1191 2886 voce,
1226 2816 1297 2867 uno
1316 2797 1481 2874 omnium

177 2891 308 2968 assensu
334 2915 354 2964 a
381 2890 548 2977 noscitis,
583 2908 655 2962 non
682 2886 819 2987 polium
847 2889 958 2962 indies
985 2888 1099 2987 magis
1124 2892 1235 2990 magis
1263 2914 1307 2966 ue
1325 2894 1483 2970 monetis

177 3011 336 3089 atqueo
379 2991 426 3062 cii
453 2988 523 3060 mei
549 2988 722 3061 tationem
749 3012 821 3061 non
849 2986 1000 3080 habete,
1034 2991 1149 3085 deque
1173 2910 1378 3064 illubtauda
1408 2992 1481 3068 Del

179 3089 319 3185 gloria,
353 3087 398 3159 de
419 3082 619 3160 christianas
637 3085 780 3180 pietatis
798 3105 879 3160 veta
897 3085 1058 3160 dositina
1075 3089 1325 3185 propaganda,
1351 3089 1396 3161 de
1414 3090 1483 3163 im·

179 3184 270 3279 perii
297 3184 402 3280 hujtts
429 3182 700 3272 incolumitate,
736 3185 773 3256 δι
801 3187 921 3294 quiete
948 3181 1100 3273 tuenda,
1125 3182 1252 3256 summl
1271 3182 1378 3257 animi
1397 3200 1483 3262 tuta

176 3296 285 3373 atque
310 3278 535 3374 cogitatione
561 3298 634 3350 non
659 3275 728 3349 effe
754 3278 925 3350 solicitus.
977 3280 1189 3350 Occurrunt
1213 3282 1307 3352 enim
1332 3273 1482 3358 subinde

178 3377 299 3450 animo
315 3395 397 3446 meo
416 3373 525 3447 verba
543 3373 625 3467 illa,
652 3390 733 3469 quac
752 3376 968 3471 Sapientiae,
995 3393 1075 3469 cap.
1093 3372 1266 3470 septimo,
1286 3374 1480 3475 habentur,

177 3473 222 3549 ad
247 3473 344 3546 hunc
363 3472 531 3544 modum:
572 3522 600 3565 ‚,
619 3472 753 3544 Audite
771 3495 892 3569 seges,
919 3473 957 3548 bt
976 3470 1190 3584 intelligite,
1215 3475 1382 3570 quoniam
1400 3476 1482 3555 data

178 3569 230 3646 ess
248 3595 269 3645 a
287 3571 453 3646 Domino
471 3568 629 3668 potestas
644 3570 770 3664 vobis,
789 3573 834 3742 {t
851 3572 966 3644 virtus
980 3571 1026 3644 ab
1044 3560 1229 3666 aluliimo,
1248 3573 1310 3670 qul
1327 3573 1481 3650 intesta·

856 3690 878 3741 2
1377 3673 1482 3769 gabit

219 3794 270 3874 (a)
293 3792 362 3861 Has
379 3795 481 3862 literas
497 3796 587 3862 nobis
604 3795 801 3863 conservavit
814 3785 1104 3862 seususl'RYP.
1121 3791 1482 3865 inVitsTh.Ctanme1'i

150 3954 151 3957 Ἴ
179 3875 330 3962 Aspeud.
342 3895 413 3966 pag.
430 3894 481 3960 72.
510 3895 606 3962 atque
620 3880 692 3945 inde
707 3899 757 3944 eas
775 3879 921 3945 videmus
938 3879 1064 3946 insertas
1082 3875 1262 3946 citissimi
1277 3872 1479 3950 concisurum

177 3959 304 4051 Magna
318 3963 495 4031 Britannia
511 3962 616 4032 Tota.
631 3965 694 4031 lll.
714 3963 774 4031 fol.
793 3978 867 4048 779.
883 3958 956 4046 780.
980 3965 1020 4031 sd
1036 3965 1231 4048 Aust-1534.
