3322 4456
809 302 941 396 (19⁶.)

253 443 354 499 otum
374 425 539 517 fuerent,
575 423 759 497 Miliarum
777 423 923 518 abusus,
958 424 995 500 bc
1015 424 1241 516 Coelibatus‚
1272 448 1352 522 quae
1372 424 1396 500 li
1416 427 1523 503 dura·

226 445 339 616 bunt,
364 526 552 619 aliquando
578 543 748 618 poterunt
766 526 926 619 praebere
942 521 1162 595 occalionem
1183 526 1224 595 iis
1243 529 1302 619 qui
1321 526 1529 619 depravatae

225 612 306 690 sunt
332 623 511 715 opinionis
534 621 712 692 Romanae
736 621 848 708 aulae,
884 637 925 691 ut
950 622 992 692 ad
1019 643 1094 692 eam
1120 620 1236 692 rursus
1253 622 1531 696 inclinationem

227 706 372 789 faciant.
417 718 458 788 ld
485 719 601 788 caveri
622 736 793 810 quantum
813 712 961 805 referat,
999 715 1213 788 srdocrrinae
1233 717 1363 811 puritas
1380 720 1532 798 conser-

229 811 432 906 vandaest‚
458 812 537 885 satis
558 813 728 908 intelligit
747 813 865 906 Regia
884 813 1050 905 Maiestas
1069 832 1140 884 tua.
1184 812 1319 885 Verum
1337 814 1455 888 adhuc
1474 817 1533 890 est

230 909 329 1004 quod
338 912 520 1006 Juvenalis
532 911 620 1001 (Sat.
633 932 663 980 z.
683 906 870 1002 vers.167.)
882 909 926 980 de
935 911 1101 982 Romana
1110 907 1351 1005 aulascripfit‚
1370 912 1425 982 hic
1429 915 1532 1005 fiunt

229 1006 395 1098 homines,
420 1009 491 1087 &a
527 1008 655 1077 imbuti
673 1029 716 1078 eo
735 1005 807 1075 loci
825 1005 924 1077 malis
941 1005 1095 1095 artibus,
1121 1007 1381 1077 contumaciam
1402 1008 1533 1106 lingu-
1580 1029 1585 1033 '

227 1092 336 1177 larem
356 1102 516 1176 adversus
535 1106 656 1198 Reges
676 1101 757 1173 inde
774 1099 951 1189 referunt,
971 1122 1012 1174 ut
1031 1102 1144 1174 multa
1161 1101 1323 1196 exempla
1341 1101 1533 1185 testantur.

277 1203 384 1275 Hanc
409 1200 591 1294 epistolam
619 1199 859 1292 loquaciorem
875 1221 918 1269 sc
937 1199 1138 1270 liberiorem
1159 1220 1198 1269 ut
1219 1199 1338 1293 Regia
1356 1201 1533 1297 Majestas

230 1317 293 1372 tua
317 1299 403 1370 boni
430 1294 589 1367 consulat
615 1318 693 1364 oro.
737 1295 869 1364 Precor
894 1315 1009 1367 autem
1040 1296 1158 1366 Deum
1178 1295 1215 1368 δε
1234 1295 1433 1369 Dominum
1453 1322 1531 1374 no·

229 1394 339 1467 strum
366 1393 483 1484 Jelum
512 1391 719 1480 Christum,
753 1408 794 1458 ut
823 1391 975 1486 Regiam
997 1389 1221 1488 Majestatem
1240 1410 1343 1463 tuam
1356 1390 1468 1468 servet
1487 1399 1532 1475 &

228 1491 415 1582 defendar,
442 1512 481 1559 ac
499 1488 674 1582 gubernet
693 1485 897 1559 adsalutem
917 1486 1103 1571 Ecclesiae.
1127 1488 1225 1560 Bene
1242 1487 1278 1563 &
1296 1486 1451 1565 feliciter
1464 1516 1534 1568 va-

229 1586 299 1662 leat
316 1588 436 1683 Regia
452 1584 620 1679 Majestas
639 1606 710 1658 tua.
754 1582 812 1654 Ex
832 1582 1097 1658 Francofordia.

1120 1735 1200 1809 Cal.
1218 1735 1354 1833 Aprilis
1369 1762 1482 1845 ,ι’-39.
1534 1836 1537 1841 ,
1629 1724 1633 1729 ’

855 2013 898 2086 Β.

224 2179 420 2359 INclyte
438 2178 474 2252 ὅ(
494 2175 700 2251 sereniffime
716 2145 823 2270 Rex,
850 2177 1058 2252 Clementer
1074 2199 1290 2275 acceperunt
1307 2180 1446 2279 aliquot
1454 2190 1537 2264 Ro·

297 2284 388 2351 mani
413 2280 649 2372 lmperatores
676 2278 850 2349 Adrianus
876 2277 983 2367 Pius,
1015 2277 1052 2350 ὃ(
1072 2276 1198 2350 deinde
1217 2277 1339 2354 ftattes
1356 2284 1466 2355 Verus
1486 2288 1532 2361 δε

225 2379 391 2466 Marcus,
412 2373 905 2469 ApologiasChristianorum3
926 2395 1005 2469 quae
1025 2373 1168 2468 quidem
1187 2394 1320 2449 tantum
1338 2377 1430 2471 apud
1441 2378 1533 2454 illos

227 2473 428 2545 moderatos
454 2471 636 2562 Principes
662 2472 869 2559 valuerunt,
905 2472 944 2541 ut
969 2492 1091 2541 eorum
1119 2473 1331 2545 iracundiam
1357 2470 1535 2552 adversus

230 2569 435 2662 Christianos
454 2567 624 2656 lenirent,
650 2565 687 2638 ὃ(
705 2567 882 2636 atrocium
901 2562 1110 2638 deliciorum
1131 2570 1388 2665 mitigationem
1408 2570 1535 2666 impe·

228 2683 374 2737 trarent.
419 2664 544 2759 Iraque
562 2663 747 2757 postquam
769 2660 937 2733 Edictum
956 2661 1035 2734 istic
1054 2686 1181 2737 contra
1200 2669 1294 2760 piam
1313 2662 1536 2743 Doctrinam‘

228 2760 266 2833 &
296 2756 468 2832 Ecclesiae
495 2759 738 2847 necessariam,
773 2781 877 2853 quani
906 2757 1141 2851 profitemur,
1176 2765 1314 2836 editum
1331 2761 1405 2856 est,
1432 2787 1532 2936 roffio

229 2876 271 2928 ut
296 2858 345 2928 R.
366 2857 424 2926 M.
442 2858 491 2927 T.
518 2854 674 2950 benigne
701 2854 791 2931 hanc
814 2853 966 2925 nostram
986 2858 1482 2956 querelam&legat&con
1518 2903 1536 2922 ·
1643 2898 1647 2903 ·

227 2950 350 3040 deret,
379 2951 572 3044 praesertim
593 2973 675 3021 curn
698 2973 768 3020 non
787 2944 901 3020 solum
921 2950 1039 3026 nostra
1058 2952 1178 3046 causa,
1205 2954 1262 3028 scd
1281 2958 1397 3029 multo
1416 2962 1536 3059 magis

226 3067 378 3144 propter
394 3045 575 3140 publicam
596 3044 768 3124 Ecclefiae
788 3044 953 3137 salutem,
974 3052 1043 3123 hoc
1062 3052 1103 3121 ad
1123 3072 1159 3122 te
1176 3051 1347 3150 scriptum
1364 3054 1537 3130 institue-

226 3143 309 3217 rim.
353 3142 449 3216 Cum
476 3142 569 3214 enim
589 3144 641 3214 illi
661 3142 808 3215 Ethnici
829 3145 1010 3242 Principes
1029 3147 1247 3221 defensiones
1266 3149 1471 3225 nostrorum
1492 3155 1537 3228 ὃς

225 3239 457 3333 admiserint,
494 3240 531 3314 ὃ(
559 3238 865 3336 approbaverint,
901 3265 1034 3337 quanto
1063 3247 1177 3340 magis
1203 3248 1300 3341 Regi
1328 3250 1538 3341 Christianae

227 3337 639 3436 profeffionis&verlato
658 3340 693 3410 in
714 3338 834 3412 studiis
854 3338 1024 3411 sacrarum
1046 3342 1248 3435 literarum3
1267 3344 1436 3417 decorum
1452 3347 1535 3440 est,

227 3437 266 3510 &
292 3438 411 3508 audire
437 3438 579 3531 piorum
608 3439 642 3509 in
672 3437 830 3509 Ecclesia
858 3437 1015 3531 querelas
1045 3437 1080 3511 bc
1107 3441 1391 3514 admonitiones?
1426 3442 1533 3514 Scri-

225 3531 276 3605 bo
302 3552 421 3604 autem
446 3532 490 3606 eb
513 3534 555 3606 ad
584 3555 619 3606 te
645 3533 835 3624 libentius,
861 3535 942 3630 quia
961 3556 1061 3606 antea
1078 3559 1162 3609 cum
1183 3535 1349 3634 lingulati
1367 3539 1533 3610 benevo-

224 3629 349 3703 lentiae
369 3628 628 3728 significatione
648 3653 739 3702 meas
759 3629 875 3703 literas
893 3633 1075 3726 accepisti.
1102 3634 1152 3706 Et
1172 3634 1207 3705 in
1228 3635 1293 3707 ltac
1311 3634 1408 3708 caula
1426 3630 1540 3727 spem·

224 3726 378 3825 aliquam
405 3730 492 3799 mihi
521 3725 628 3815 facit,
655 3729 713 3798 Te
732 3751 803 3803 non
820 3729 996 3825 gravatim
1018 3731 1097 3801 haec
1118 3729 1291 3803 lebiutum
1308 3730 1398 3819 elie,
1424 3737 1535 3826 quad

223 3824 358 3939 phialis
384 3822 560 3917 ostendit,
587 3823 788 3921 Episcopos
807 3824 1026 3907 hauddubie*
1044 3846 1185 3903 autores
1202 3827 1270 3903 elic
1286 3827 1535 3997 articulorprn

257 3962 265 3977 ·
609 3968 612 3972 -
918 3979 921 3985 .
1441 3948 1455 3997 1
1490 3948 1530 4001 te
