3322 4456
773 283 788 374 l
800 273 881 373 η.)

173 411 271 512 apud
297 434 358 486 eos
379 426 520 481 manere
546 397 760 500 potuissem:
795 401 853 475 sed
882 390 964 475 cum
984 396 1128 474 eandem
1147 401 1355 500 nentiquam
1372 396 1485 481 solil-s

177 534 288 603 nent,
315 532 371 581 me
390 504 433 576 ab
453 502 521 575 illis
537 499 660 597 egredi
678 498 907 572 necessarium
927 500 1008 570 suit.
1034 498 1202 572 Feceram
1221 508 1477 597 primumcom

175 632 234 684 tra
260 607 348 681 illud
376 599 499 692 Pauli,
537 598 735 671 rCorinth.
752 620 788 685 7.
823 598 950 670 Precio
976 596 1090 690 empti
1116 596 1222 687 estis,
1256 595 1369 677 nolite
1395 603 1475 678 fieri

174 709 265 782 servi
300 702 501 775 hominum.
545 697 598 767 Hi
627 694 720 767 fiunt
746 694 835 767 servi
862 696 1076 784 bominum,
1118 697 1178 789 qui
1207 718 1330 770 eorum
1360 698 1476 777 stultis

177 797 498 879 constitutionibus
524 793 727 889 alligantur.
771 791 847 885 Qui
875 816 963 890 ergo
989 793 1162 884 deceptus
1189 815 1246 874 me
1263 792 1401 874 servum
1421 797 1476 872 se·
1567 825 1569 828 ’

178 922 294 971 ceram
319 896 528 980 bominum,
555 891 640 983 quid
660 912 764 985 agere
782 890 911 980 debui,
938 887 1001 960 nisr
1020 907 1060 958 ut
1078 887 1299 960 observarem
1318 892 1477 987 ejusdem

178 987 394 1083 confilium,
428 988 525 1084 quod
551 988 613 1058 ubi
641 985 741 1081 supra
760 986 918 1082 scripsrt:
950 987 987 1060 Si
1007 1005 1108 1081 potes
1130 983 1208 1057 sieri
1227 987 1337 1081 liber,
1365 993 1479 1088 magis

177 1116 290 1164 urere.
334 1092 549 1183 Segregatus
569 1085 681 1178 igitur
700 1081 720 1154 a
740 1085 1011 1181 malignantium
1032 1085 1317 1176 conventiculis«,
1344 1089 1424 1159 veni
1434 1086 1479 1160 ad

177 1191 273 1261 illam
301 1211 384 1259 vere
410 1184 604 1276 supremam
633 1180 729 1253 orbis
749 1183 977 1253 Academiam
998 1181 1335 1279 Witenbergensem
1355 1184 1393 1257 in
1409 1208 1481 1281 qua

176 1287 264 1358 nibil
307 1281 406 1379 quod
441 1279 483 1350 ad
511 1279 618 1350 sacras
644 1279 825 1373 bonasque
851 1278 967 1368 literas
995 1279 1195 1373 pertineat,
1239 1278 1480 1378 desyderatur.

178 1379 319 1456 Cundla
336 1380 431 1452 enim
452 1377 527 1448 illic
547 1373 736 1447 traduntur
754 1375 904 1448 abunde.
931 1376 1053 1448 Doleo
1073 1400 1130 1446 me
1148 1375 1280 1448 saslum
1299 1378 1367 1454 esse
1383 1379 1482 1476 quasa

176 1504 345 1568 murum,
368 1475 467 1572 quod
485 1495 557 1544 non
577 1470 699 1567 possrm
719 1474 805 1549 vivo
824 1473 923 1546 vocis
942 1472 1020 1545 adiu
1040 1473 1188 1546 verbum
1208 1475 1345 1548 domini
1362 1502 1483 1575 popu·

178 1578 221 1649 lis
248 1577 435 1647 nunciare:
473 1593 596 1640 verum
624 1567 822 1666 expediabo
848 1570 932 1666 quid
953 1568 1039 1642 milri
1059 1572 1210 1666 imperet
1229 1572 1416 1667 dominus,
1442 1577 1482 1651 &

120 1709 121 1714 ¹
174 1672 358 1747 'sustinebo
376 1691 518 1745 manum
538 1669 634 1762 ejus:
663 1668 805 1742 interim
827 1693 935 1762 vero,
960 1688 1282 1764 quantumpotero
1300 1674 1412 1765 nitar,
1439 1692 1484 1746 ut

179 1772 237 1844 vel
257 1769 376 1843 saltem
397 1766 559 1862 scriptis,
579 1786 649 1837 tam
671 1767 788 1842 latinis
804 1765 912 1866 quim
932 1767 1138 1864 vulgaribus
1157 1766 1305 1842 cunslos
1323 1769 1366 1843 ad
1375 1791 1484 1843 evan·

175 1870 267 1968 ,gelli
287 1867 536 1964 synceritatem
556 1863 777 1938 admoneam.

229 1966 351 2038 Habes
378 1961 492 2036 lesior
519 1983 563 2033 ex
586 1963 835 2055 compluribus
853 1962 1047 2036 admodum
1067 1987 1201 2060 pauca,
1228 1987 1309 2060 quae
1327 1966 1486 2041 animum

176 2085 301 2133 ‘meum
321 2061 582 2146 admoverunt,
600 2055 680 2137 uti
699 2060 888 2131 Minoritis
906 2060 1129 2159 sejungeret:
1157 2061 1213 2132 sed
1232 2065 1319 2134 milri
1338 2061 1490 2138 sufficiat

180 2166 290 2226 nunc
307 2151 365 2222 vel
392 2150 549 2221 breviter
571 2153 641 2220 mei
660 2154 814 2257 egressus
832 2156 1006 2226 rationem
1029 2156 1226 2227 ostendisse.
1272 2161 1358 2232 Hoc
1378 2161 1491 2245 totius

180 2247 328 2346 negocii
364 2265 506 2318 tantum
543 2243 757 2337 praeludrum
792 2265 879 2318 erat.
934 2249 1093 2321 Habebis
1122 2249 1201 2343 post
1227 2253 1300 2324 dies
1327 2254 1488 2353 aliquot‘,
1520 2318 1525 2328 .

183 2349 323 2422 noliros
342 2345 379 2418 in
397 2361 523 2416 eorum
543 2339 703 2438 regulam
722 2344 1022 2438 commentarios,
1041 2346 1078 2417 in
1123 2348 1228 2420 uibus
1247 2347 1356 2444 paulo
1376 2353 1491 2425 mania

182 2444 306 2520 festius
333 2467 407 2518 rem
434 2461 580 2514 omnem
609 2438 801 2535 intelliges.
843 2443 1008 2516 Tandem
1037 2460 1077 2514 ut
1098 2370 1213 2516 iciant
1232 2469 1375 2539 omnes,
1401 2449 1490 2548 quid

182 2539 361 2641 propofiti
379 2540 449 2612 mei
467 2559 574 2633 atque
590 2533 773 2610 sententiae
793 2537 857 2629 fit,
884 2539 966 2612 haec
984 2542 1051 2615 tria
1069 2544 1191 2636 paucis
1209 2544 1482 2639 accipiant-1³2³

183 2684 187 2688 -
232 2633 524 2726 PRIMUM,
558 2632 659 2728 Quia
683 2633 771 2708 olim
799 2633 981 2728 seriosius,
1017 2640 1054 2711 δι
1079 2638 1167 2734 quid
1184 2660 1327 2736 agerem
1347 2644 1491 2739 penitis

144 2771 147 2774 ⁴
180 2741 374 2837 ignorans,
400 2751 527 2806 votum
536 2730 658 2824 emin,
676 2729 698 2804 d
715 2732 926 2828 professione
936 2734 1139 2809 Christiana
1153 2737 1489 2833 plurimum'dlsseilt

182 2843 302 2911 tiens:
354 2830 522 2904 omnibus
559 2828 819 2904 Minoritarum
856 2831 1009 2906 inventis
1044 2833 1267 2908 abrenuntio.
1321 2838 1491 2916 sanorum·

182 2931 448 3030 Evangelium,
483 2928 521 3002 bc
548 2948 663 2999 meam
691 2927 729 3003 &
755 2930 917 3004 omnium
939 2931 1227 3007 Christianorum
1246 2935 1490 3033 regulamil'ess
1539 3012 1541 3016 .

183 3031 364 3106 cessariam
383 3024 454 3103 esse
471 3023 705 3122 cognoscens.
1148 3079 1151 3085 -
1439 3042 1443 3050 “
1463 3068 1481 3081 ·-

232 3127 468 3214 Secundum,
507 3123 685 3214 Revoco,
721 3125 895 3220 quicquid
921 3127 1112 3223 aliquando
1139 3129 1293 3202 ubilibet
1317 3136 1491 3220 terrarnnl

185 3224 401 3319 praedicavi,
436 3221 521 3293 sacri
550 3217 740 3315 Evangelii
769 3221 992 3318 simplicitati
1020 3247 1091 3295 non
1118 3249 1181 3319 per
1200 3227 1493 3304 *omniaconse'ril

186 3321 290 3393 tiens.
343 3319 507 3394 Obsecro
541 3336 660 3388 autem
695 3340 817 3389 omnes
844 3319 905 3413 qui
932 3343 990 3391 me
1018 3321 1216 3416 aliquando·
1235 3316 1493 3418 praediean'te'lb

186 3419 399 3508 audierunt,
434 3435 493 3488 aut
520 3414 653 3509 scripta
679 3437 757 3485 mea
782 3415 969 3509 legerunt,
1000 3437 1041 3488 ut
1060 3419 1181 3491 omnia
1199 3412 1394 3521 rejiciant,
1410 3421 1515 3524 quiri⁴

185 3515 331 3588 veritati
357 3536 454 3585 nunc
481 3513 648 3586 revelatae
676 3511 823 3584 minime
849 3515 1083 3587 conveniunt.
1130 3516 1266 3593 Verum
1291 3522 1441 3599 confido
1457 3528 1494 3600 in

185 3636 269 3685 eum
290 3610 352 3707 qui
371 3633 428 3684 me
446 3607 466 3682 ὲ
485 3611 697 3706 captivitate
715 3609 904 3706 plusquam
924 3611 1147 3710 AEgyptiaca
1164 3617 1312 3714 eduxit,
1333 3623 1494 3717 quod‘il·

184 3707 417 3884 &muntilio
445 3706 652 3782 uastatibus
679 3707 716 3783 &
745 3706 875 3782 libellis
901 3711 1063 3786 universa
1088 3736 1202 3791 errata
1225 3722 1494 3818 meareparabo

306 3829 340 3880 e·
784 3831 790 3846 ·
860 3828 890 3871 χ
1268 3820 1484 3890 ¹,1¹

154 3975 157 3988 ,
188 3972 191 3979 ,
318 3932 321 3939 ·
796 3901 834 3977 D
863 3924 885 3978 ι
1397 3909 1494 3988 Ter·
