3322 4456
162 337 327 432 mm
490 330 1125 431 annonara
1385 359 1453 438 ,p

157 512 186 555 „
211 462 309 535 omni
337 456 537 533 circuibant
564 455 622 527 via
650 452 855 527 sententiam
882 477 995 526 meam
1021 454 1065 524 de
1089 453 1305 532 sacramento
1328 459 1456 536 clarina

157 609 186 652 „
209 556 449 653 expiscaturi,
483 574 571 647 quos
598 571 720 621 omnes
748 554 857 621 unico
884 551 955 622 hoc
981 549 1144 645 responso
1163 552 1299 650 semper
1317 560 1456 652 repuli,

160 706 186 748 „
211 675 251 727 ut
271 658 448 739 dicerem,
465 648 544 720 satis
560 646 605 718 de
618 645 684 717 hac
694 647 793 719 reD.
805 646 988 743 Episcopo
998 668 1053 715 me
1063 644 1295 740 respondisse:
1314 653 1453 747 adum,

159 803 186 843 „
212 750 449 845 quodajunt,
474 765 577 840 agere
595 743 684 813 nihil
703 766 793 838 opus
810 744 889 816 elle.
916 744 1117 817 Standicius
1134 744 1319 818 confestim
1340 750 1452 824 susur-

159 898 187 939 „
213 869 291 917 rans
319 866 401 916 cum
428 843 621 935 episcopo,
647 859 751 935 rogat
768 861 808 911 ut
828 841 915 911 milri
934 841 1056 910 liceret
1075 839 1212 935 planius
1230 842 1275 912 de
1292 867 1335 914 eo
1356 847 1454 919 Pauli

159 992 186 1035 ‚,
213 941 297 1012 loco
323 938 529 1010 sententiam
556 937 717 1024 edicere,
748 935 931 1031 respondi,
966 932 1074 1007 Plane
1099 935 1268 1007 adversari
1297 941 1454 1014 Paulinae

160 1088 187 1133 ‚,
213 1036 432 1130 disciplinae,
466 1054 506 1104 ut
534 1055 614 1126 quae
642 1031 770 1102 mulier
796 1033 922 1122 essem,
959 1053 1085 1103 munus
1102 1054 1142 1101 ac
1162 1033 1343 1128 personam
1363 1040 1455 1133 dog·

160 1186 187 1226 „
215 1131 364 1204 matillae
385 1134 420 1202 in
439 1132 623 1223 Scriptura
639 1128 902 1295 intgpretanda
919 1129 1007 1197 mihi
1026 1127 1218 1218 sumerem,
1246 1133 1280 1200 in
1299 1155 1342 1203 eo
1361 1155 1454 1225 prae·

161 1282 188 1323 „
214 1228 330 1300 sertim
349 1248 453 1299 coetu
471 1226 628 1297 virorum
647 1225 694 1294 do
734 1223 808 1294 rina
825 1244 896 1296 tarn
915 1223 1159 1295 exellentium.
1193 1225 1277 1298 Poll
1296 1228 1375 1300 hac
1393 1227 1454 1301 de·

160 1378 189 1420 ‚,
215 1327 334 1419 inceps
359 1327 543 1420 ingerente
565 1318 736 1415 episcopo
754 1319 856 1392 aliam
875 1322 1184 1414 criminationem,
1209 1345 1340 1420 nempe
1356 1324 1456 1420 quod

158 1474 186 1518 „
211 1424 387 1516 appellata
404 1443 517 1514 nuper
535 1416 554 1487 al
573 1420 751 1514 quodam,
770 1438 854 1489 num
873 1417 1126 1489 sacramentum
1147 1417 1298 1510 paschali
1317 1420 1377 1493 illa
1394 1445 1455 1495 ce-

106 1544 113 1550 ·
158 1572 187 1614 „
215 1519 377 1591 lebritate
397 1515 579 1611 sumptura
595 1511 725 1585 essem?
751 1515 889 1585 viderer
908 1535 980 1585 rem
1001 1512 1129 1584 habere
1147 1515 1327 1602 ludibrio;
1355 1537 1457 1614 pete·

159 1669 186 1709 ‚,
212 1614 292 1685 barn
318 1614 469 1710 produci
498 1611 585 1684 mihi
612 1609 853 1682 accusatorel:
889 1610 958 1681 hoc
984 1627 1100 1681 tamen
1120 1611 1179 1681 ille
1197 1635 1262 1684 nec
1279 1614 1372 1685 velle
1389 1636 1457 1687 nec

159 1764 187 1805 „
213 1708 311 1808 posse
334 1708 500 1801 dicebat,
524 1728 648 1780 verum
667 1728 778 1804 quum
798 1706 971 1801 quendam
993 1707 1052 1778 ille
1071 1705 1210 1779 confilii
1230 1710 1458 1803 impartiendi

158 1859 186 1901 „
213 1808 328 1903 gratia
347 1807 391 1880 ad
410 1829 467 1879 me
482 1806 665 1895 mitteret,
691 1805 808 1900 primo
825 1803 937 1875 verbo
956 1800 1127 1898 papillam
1149 1804 1249 1876 illum
1269 1828 1326 1877 me
1342 1807 1459 1910 ajebat

158 1956 185 1998 „
211 1903 423 1995 nominasse,
449 1903 544 1998 quod
561 1923 678 1998 neque
694 1900 866 1997 negabam
885 1901 1050 1996 quidem,
1077 1899 1306 1997 persenseram
1324 1906 1459 1976 etenim

159 2054 187 2097 „
212 2002 318 2074 talem
337 1999 502 2072 effecum
521 2022 627 2095 quern
645 1998 828 2088 dixeram,
846 2000 904 2068 cui
924 2016 1042 2070 tamen
1061 1999 1103 2068 ad
1122 1998 1157 2068 id
1168 2000 1265 2094 quod
1276 1999 1461 2093 quaerebat

159 2148 188 2189 „
212 2120 257 2166 ne
282 2096 433 2165 verbum
452 2096 595 2187 quidem
615 2093 791 2184 respondi.
834 2093 987 2186 Pergens
1007 2089 1117 2186 porro
1135 2096 1346 2191 episcopua,
1367 2097 1461 2169 acri·

160 2239 188 2283 „
216 2206 270 2257 ter
293 2210 350 2256 me
366 2187 577 2280 sugillabat,
603 2185 648 2255 eo
665 2190 761 2278 quod
778 2184 935 2255 dicerem
953 2188 1142 2279 aliquando
1160 2188 1341 2287 sexaginta
1360 2192 1462 2267 fuisse

160 2336 188 2380 „
215 2280 418 2352 Lincolniae
441 2278 641 2367 sacrificos,
666 2280 728 2372 qui
748 2277 941 2374 conjuratis
958 2280 1114 2352 consaliis
1133 2287 1244 2377 capiti
1265 2310 1345 2358 meo
1367 2290 1463 2381 peri·

161 2431 188 2475 „
215 2378 335 2450 culum
356 2374 542 2449 struerent.
586 2374 720 2465 Neque
738 2373 775 2446 id
790 2377 897 2446 etiam
917 2379 1065 2473 negavi:
1095 2374 1143 2449 fic
1160 2382 1255 2450 enirn
1275 2402 1353 2453 tum
1372 2383 1462 2456 mihi

162 2528 189 2569 „
216 2497 280 2570 per
306 2475 439 2546 amicos
466 2470 707 2568 fignificaturn
734 2469 807 2560 est,
839 2471 1044 2544 Lincolniae
1063 2470 1132 2544 elle
1150 2477 1210 2568 qui
1229 2479 1368 2549 devotis
1385 2480 1464 2550 ani·

161 2625 188 2667 „
216 2572 282 2642 mir
308 2573 345 2640 in
371 2595 428 2642 me
446 2573 740 2664 conjuraverant,
766 2566 879 2662 palam
900 2571 1005 2640 etiam
1027 2571 1200 2642 minantes
1216 2572 1334 2645 nescio
1352 2575 1464 2670 quid,

161 2700 189 2763 ‚·,
217 2665 484 2738 sradvenillem.
521 2667 564 2738 ld
585 2663 792 2759 fimulatque
809 2665 991 2753 intellexi,
1016 2689 1172 2763 propero
1191 2669 1284 2742 reue
1300 2673 1358 2742 ria
1372 2671 1464 2745 Lin-

160 2819 189 2860 „
216 2763 392 2854 colniaro,
427 2762 549 2856 ibique
576 2784 784 2833 commoror
809 2763 852 2833 ad
879 2784 1013 2834 nonum
1043 2786 1154 2858 usque
1180 2764 1296 2858 diem,
1331 2770 1464 2842 certina

163 2915 192 2960 „
218 2861 303 2957 qnid
322 2859 407 2932 esset
425 2859 473 2929 rei
491 2858 732 2952 exploratura.
761 2859 900 2931 Interea
916 2857 1000 2930 dum
1020 2868 1055 2930 in
1074 2860 1212 2934 summo
1229 2889 1354 2938 eorum
1369 2886 1465 2940 tern-

160 3012 193 3054 „
217 2959 279 3053 plo
306 2955 382 3048 sto,
416 2952 576 3027 ledittans
594 2957 629 3026 in
648 2956 751 3026 sacris
770 2956 918 3047 Bibliis,
943 2956 1110 3030 advolant
1129 2983 1224 3032 nunc
1243 2961 1342 3052 bini,
1367 2987 1464 3038 nunc

162 3109 189 3149 „
216 3055 330 3140 terni,
363 3075 616 3146 nonnunquam
646 3053 682 3122 δι
703 3053 797 3142 seni,
821 3053 917 3149 quasa
936 3056 996 3148 qui
1018 3057 1277 3151 interpellaturi
1297 3061 1463 3133 videren-

160 3204 191 3243 „
215 3169 297 3239 tur,
314 3168 348 3220 at
366 3152 472 3221 iidem
492 3150 587 3220 nulla
602 3146 722 3219 emrlla
738 3172 852 3238 voce,
871 3150 1006 3222 rursum
1027 3151 1268 3225 discesserant.
1295 3159 1462 3252 Roganti

162 3299 191 3338 „
218 3264 293 3316 tum
321 3244 515 3340 episcopo,
549 3267 591 3314 an
620 3246 711 3314 inter
736 3269 795 3315 eos
816 3246 934 3315 nullus
954 3247 1001 3316 ibi
1022 3247 1217 3320 sermonem
1240 3275 1381 3323 mecum
1402 3253 1464 3325 lra-

165 3394 192 3436 „
217 3340 366 3429 baillet,
400 3365 508 3413 unam
537 3338 638 3412 suiffe
665 3339 798 3437 ajebam
819 3343 911 3410 inter
930 3363 1101 3431 caeteros,
1129 3348 1190 3438 qui
1209 3347 1353 3420 demum
1375 3372 1464 3446 pau·

163 3491 191 3531 „
217 3438 299 3509 cula
318 3462 459 3510 mecum
480 3438 587 3508 verba
605 3439 767 3536 agitaret.
812 3437 965 3527 Ecquid
986 3443 1013 3509 is
1032 3442 1194 3514 tibi‘tum
1213 3444 1356 3539 ajebat?
1385 3447 1465 3522 Pla·

164 3588 191 3627 „
216 3535 261 3605 ne
289 3556 359 3606 tam
387 3536 510 3629 exigui
539 3556 638 3606 erant
659 3537 830 3606 momenti
851 3557 931 3627 quae
951 3536 1107 3630 diceret,
1134 3559 1174 3610 ut
1192 3544 1398 3617 memoriam
1418 3547 1468 3619 eia

163 3684 193 3722 „
219 3653 290 3699 non
309 3634 532 3704 intenderim.
559 3633 658 3704 Tum
677 3631 884 3726 episcopus:
914 3634 1028 3724 Sunt,
1053 3635 1194 3732 inquit,
1214 3643 1382 3732 permulti
1403 3646 1465 3741 qui

165 3781 191 3821 ,‚
219 3726 419 3820 Scripturas
446 3728 590 3824 legunt,
626 3730 700 3800 vita
727 3749 845 3801 tamen
872 3740 913 3799 dc
941 3731 1099 3806 moribus
1124 3758 1196 3806 non
1224 3742 1469 3836 exprimentes

165 3877 192 3920 „
219 3845 300 3921 quae
327 3823 466 3918 legunt.
505 3825 685 3921 Equidem
703 3824 814 3924 veri),
838 3828 1006 3926 inquam,
1031 3828 1286 3930 dreverende,
1312 3838 1466 3933 optarim

1276 3961 1281 3967 “
1381 3982 1408 4024 „
1426 3951 1468 4006 ut
