3322 4456
129 296 350 396 ωωμ
463 281 1101 369 annovera
1382 318 1434 393 μ

127 442 194 496 ‘nes
213 441 321 515 atque
337 417 458 510 idola,
490 403 771 512 ipsam‘denique
790 405 912 514 Milsae
930 408 1228 488 abominationem
1249 415 1430 510 abolevit,

132 517 171 589 id
194 520 293 616 quod
318 541 390 589 non
417 517 609 588 admodum
639 508 709 581 suit
737 502 916 614 difficile,
959 508 1053 596 quod
1080 515 1255 609 populum
1284 516 1432 589 haberet

114 613 174 693 ,ad
195 613 417 708 disciplinam
440 607 626 704 Evangelii
646 604 958 692 obedientiamque
976 612 1285 684 accommodatum
1307 617 1343 688 ὃ(
1364 638 1429 712 pa.

124 731 271 804 tatum,
306 710 344 784 &
368 710 430 804 qui
450 707 567 778 statim
588 699 637 770 sin
669 697 756 767 ulari
776 695 924 786 quadam
944 696 1113 806 opinione
1130 727 1169 775 ac
1186 709 1373 781 voluntate
1392 712 1428 784 in

101 821 110 827 ’
129 805 141 877 i
171 806 245 879 sum
267 805 536 896 wolfgangum
556 791 625 866 affe
665 815 703 864 us
720 810 814 861 erat:
838 795 887 860 At
906 811 1016 878 vero,
1036 816 1156 867 rumor
1172 825 1211 869 ea
1227 803 1270 872 de
1287 808 1426 901 respar.

145 924 209 990 us,
228 897 431 973 adversariis
448 911 686 985 opportunam
706 887 804 958 dedit
815 883 1038 958 occasionem
1052 939 1064 977 ,
1079 913 1159 964 euin
1171 897 1378 973 criminandi
1390 905 1427 978 &

129 991 225 1068 fallis
251 991 440 1065 calumniis
466 986 643 1060 deferendi
669 984 763 1081 apud
787 984 937 1056 eundem
965 1007 1071 1078 quein
1096 986 1300 1064 dicebamus
1317 1004 1427 1071 Anio·

130 1094 224 1164 nium
250 1089 485 1162 Calabrorum
503 1084 753 1178 Lotharingiae
770 1101 877 1177 atque
895 1081 995 1152 Bairi
1013 1081 1183 1172 Ducem,
1207 1087 1296 1158 Dux
1316 1092 1429 1185 igitur

131 1204 215 1259 ante
244 1186 362 1258 omnia
386 1208 462 1257 eam
489 1181 624 1256 causam
651 1179 863 1252 demandare
888 1179 1026 1253 Abbati
1056 1190 1107 1271 (a)
1142 1183 1263 1257 saneti
1287 1195 1430 1261 Antonii

130 1283 342 1380 Viennensis,
367 1285 429 1378 qui
447 1301 524 1354 tum
542 1279 709 1353 Vicarius
725 1295 800 1349 erat
816 1276 989 1373 generalis
1009 1276 1206 1354 Cardinalis
1224 1285 1268 1354 de
1287 1283 1426 1356 Lotha·

126 1381 265 1478 ringis,
299 1401 406 1474 atque
432 1376 453 1449 i
480 1376 558 1450 sede
576 1374 768 1449 Pontificia
789 1371 971 1469 speciatim
993 1374 1111 1449 mitius
1130 1399 1226 1471 erat,
1253 1382 1296 1452 ad
1314 1385 1427 1456 extir-

127 1479 261 1572 pandas
280 1476 316 1547 in
335 1479 482 1549 Ducatu
501 1473 752 1568 Lothnringiae
768 1472 803 1543 ὃ(
821 1470 948 1542 vicinis
967 1472 1126 1566 partibus
1145 1479 1310 1570 haereses,
1330 1483 1366 1554 &
1383 1483 1427 1554 ad

124 1573 254 1649 Fidem
272 1573 488 1647 catholicam
509 1571 701 1657 tuendam,
723 1566 843 1640 Abbas
858 1585 975 1678 autem
993 1568 1053 1680 ille
1060 1621 1074 1679 2
1091 1574 1150 1663 qui
1162 1574 1273 1645 nihilo
1284 1575 1317 1649 se
1347 1580 1428 1655 nior

121 1692 197 1745 erat
224 1673 262 1744 iri
287 1670 537 1770 persequendis
564 1670 628 1761 iis,
653 1690 745 1765 quos
764 1665 947 1738 haereticas
965 1689 1154 1759 opiniones
1173 1669 1295 1745 fovere
1313 1601 1424 1772 sispi-

119 1768 292 1859 cabatur,
328 1788 437 1867 atque
455 1769 543 1841 Dux
562 1766 657 1877 ipse,
686 1762 750 1876 fibi
773 1782 890 1837 tamen
909 1761 973 1873 soli
988 1762 1176 1876 diffidens,
1203 1788 1314 1843 totam
1336 1773 1427 1849 hane

116 1860 1424 2061 arti&titillasset‘illitatalisfllnsilaithta:

116 2060 198 2135 rum
224 2063 320 2158 apud
347 2062 553 2136 Parifienses
578 2059 789 2158 Collegium
817 2055 1083 2150 haeretificum,
1111 2082 1185 2154 quo
1203 2062 1298 2136 suam
1319 2066 1363 2139 de
1382 2070 1424 2144 iis

116 2154 329 2237 sententiam
355 2159 399 2226 ad
427 2157 541 2246 ipsum
570 2157 714 2225 Ducem
743 2156 951 2241 mitterent,
987 2157 1023 2229 dt
1044 2158 1129 2252 quid
1149 2161 1192 2231 ab
1211 2162 1254 2233 iis
1272 2164 1329 2235 vel
1347 2165 1424 2258 spe·

119 2251 274 2324 nudum
292 2249 352 2316 rel
369 2247 669 2316 extimescendum
679 2246 824 2317 haberet
834 2245 993 2320 Ecclesia
1004 2251 1287 2350 Lotharingica‚
1306 2259 1426 2335 decla.

121 2361 261 2419 tarent:
283 2341 335 2413 Hi
354 2341 517 2430 articuli,
537 2339 635 2435 quod
651 2362 711 2410 eos
731 2339 767 2409 in
787 2339 1012 2417 Collefflone
1028 2349 1254 2438 iudiciorum
1274 2356 1318 2425 de
1336 2357 1422 2429 No·

122 2440 178 2514 vis
206 2437 398 2512 Erroribus
423 2459 468 2509 cx
497 2438 658 2509 Archivo
686 2432 974 2508 Sorbouistarum
999 2441 1181 2513 Parifiensi
1200 2447 1426 2525 conservavit

122 2532 341 2609 dontffimus
367 2534 533 2606 dominus
554 2529 916 2606 d'ARGENTRE
935 2531 1013 2626 (b),
1037 2537 1180 2610 eosdem
1199 2541 1258 2613 hic
1276 2545 1425 2619 exhibe·

117 2656 215 2710 mus.
633 2672 640 2685 2
1119 2674 1123 2678 ·
1478 2686 1481 2692 n

172 2754 202 2804 r.
229 2726 413 2803 Christum
442 2727 503 2802 sub
531 2729 714 2827 speciebus
739 2729 837 2826 panis
860 2730 898 2806 &
916 2730 991 2802 'vini
1012 2732 1096 2804 Deo
1115 2733 1213 2807 Patri
1231 2733 1250 2808 a
1269 2737 1422 2840 Presby-

117 2829 202 2906 teris
214 2822 342 2900 'offerri
362 2852 428 2923 pro
447 2831 602 2923 peccatis
620 2829 788 2903 vivorum
807 2830 845 2903 δι
865 2849 1114 2922 mortuorum,
1140 2833 1192 2906 est
1211 2833 1350 2912 salsum.

166 2948 203 3000 2.
228 2923 393 2999 Christus
413 2925 449 2997 in
466 2925 574 3001 Missa
591 2949 663 3000 uon
680 2925 732 2999 est
748 2925 889 2999 oblatio
904 2925 964 3003 seu
981 2925 1209 3005 sacrificium.

85 3049 93 3062 ·
168 3044 200 3120 3.
226 3022 305 3116 Qui
332 3022 486 3118 fimplici
512 3024 680 3120 exemplo
705 3023 841 3099 Christi
866 3024 1035 3100 innititur
1056 3030 1272 3123 accipiendo
1288 3031 1421 3110 Panem

72 3202 74 3206 ,
119 3121 157 3198 &
177 3120 365 3214 Calicem,
385 3122 421 3196 ὃ(
440 3119 708 3215 benedicendo,
725 3122 859 3219 absque
876 3146 1034 3220 pompa,
1052 3125 1182 3199 relislis
1202 3130 1422 3207 omnibusab
1482 3126 1483 3131 ’

119 3217 325 3390 flaminibus
350 3220 526 3314 inventis,
557 3220 749 3294 haereticu's
765 3244 839 3293 non
857 3219 932 3311 est,
958 3219 1024 3292 nifi
1044 3222 1211 3295 Christus
1230 3227 1424 3303 hacreticus

149 3335 177 3391 t·
340 3325 348 3342 .
705 3338 711 3342 ,

167 3435 203 3507 4.
229 3413 358 3489 Canon
378 3409 520 3506 Mttiae,
548 3409 766 3508 deprecans,
792 3430 835 3485 ut
854 3411 954 3486 Deus
972 3434 1156 3512 acceptam
1176 3415 1302 3495 habeat
1320 3421 1423 3500 obla·

123 3505 257 3587 tionem
274 3537 316 3586 ac
333 3509 549 3586 sacrificium
568 3512 642 3587 dcc.
667 3507 719 3584 est
736 3508 975 3604 blasphemus.

722 3606 799 3706 M
1274 3618 1421 3712 φῶ·

163 3749 215 3829 (a)
238 3745 508 3820 ARGENTRE
526 3747 631 3820 Tom.
650 3756 694 3821 it.
718 3754 777 3821 fot.
799 3751 847 3820 18.

163 3835 215 3912 (b)
242 3831 510 3904 ARGENTRE
528 3841 552 3901 1.
568 3860 597 3902 c.
615 3837 662 3904 T.
680 3840 725 3907 ii.
748 3840 807 3906 fol.
821 3835 992 3925 18.19.20.
1022 3839 1120 3910 Coris.
1138 3840 1279 3911 Rana.
1295 3843 1424 3930 Marty-
1505 3888 1508 3894 -

121 3919 227 4004 ming.
244 3914 349 3983 Toni.
367 3918 410 3985 V.
433 3940 501 4007 pag.
520 3937 592 4006 153·
608 3920 656 4006 sq.
1489 3957 1492 3962 ,
