3322 4456
189 295 404 401 ΛΜΗ.
521 293 562 374 R
610 292 645 373 E
692 287 736 370 N
785 290 823 368 Ο
873 287 912 365 V
960 292 994 370 A
1041 291 1080 371 Τ
1128 296 1161 375 1.
1420 327 1492 393 tto

237 422 354 500 itum
380 441 495 496 nonus
520 436 596 494 erat
620 417 695 491 dies
721 433 804 501 ante
832 411 979 510 pascha,
1012 414 1186 512 Tolosanus
1201 420 1346 520 quidam
1364 425 1488 502 adole·

199 541 282 596 ocur
307 518 461 612 nobilis,
498 516 735 592 &literarum
756 507 951 602 studiosus,
978 512 1110 608 viginti
1128 520 1271 596 circiter
1288 548 1485 622 annorum,
1549 580 1551 586 .
1636 570 1645 580 ,

183 614 346 714 Lutetiae
374 613 441 686 suit
468 612 612 686 exustus
640 610 714 700 (a),
748 625 897 702 propter
922 605 1019 679 esum
1038 611 1170 702 caruis,
1193 640 1266 690 non
1282 623 1386 697 vivus
1403 626 1484 721 qui.

182 713 291 806 dem,
308 710 432 785 sedita
450 730 569 783 tamen
586 726 628 779 ut
647 705 774 799 laqueo
783 699 893 776 frana
902 703 1009 800 gula,
1026 705 1198 799 pendulus
1206 714 1326 806 ignem
1336 719 1482 796 succen.

182 808 261 883 sum
289 805 575 903 persentisceret,
608 801 706 897 quod
733 823 800 896 pro
818 800 892 874 loci
910 799 1165 875 consuetudine
1181 814 1299 904 magni
1317 815 1482 893 beneficii

188 903 274 977 loco
297 904 330 992 ei
356 903 480 974 datum
505 900 597 990 suit,
626 893 694 988 eo,
726 896 824 993 quod
851 897 1069 992 incarcere,
1095 899 1298 999 priusquam
1315 910 1483 988 educere·

188 1018 271 1092 rur,
293 995 470 1072 assidentis
486 1017 594 1093 atque
612 996 809 1070 minitantis
825 994 964 1087 Judicir
982 994 1125 1071 Morini
1142 1019 1234 1072 voce
1252 1009 1483 1105 perterritus,

185 1097 200 1170 i
267 1095 300 1172 ie*
319 1096 353 1168 se
369 1092 486 1169 secisse
504 1091 711 1167 testificatur
727 1110 804 1166 erat
821 1113 929 1189 atque
946 1091 1156 1189 irreligiose.

271 1193 517 1269 xcudebautur
527 1192 597 1304 hoc
607 1209 771 1304 tempore
782 1189 943 1302 Lutetiae
953 1192 1010 1286 (b)
1028 1192 1168 1307 Biblia,
1182 1190 1342 1271 sermone
1352 1197 1485 1296 Angli·

92 1384 94 1388 ’
182 1287 1489 1492 {sos}s‘ssssssssssussssffsssss233:ssssffissstsss‘russssgi

181 1486 290 1584 phut.
316 1484 622 1582 InGalliirvulgo
632 1484 857 1557 nouextabat
867 1485 990 1583 lingua
1000 1487 1164 1582 populari
1176 1489 1485 1589 Scripturasacra,

185 1605 301 1681 neque
317 1583 516 1682 suspicione
529 1580 692 1672 carebat,
713 1579 828 1678 fiquis
837 1579 932 1655 sorte
940 1605 1075 1655 novum
1084 1583 1358 1660 Testamentum
1368 1585 1487 1665 auts-

176 1684 270 1757 mile
288 1683 373 1782 quid
392 1678 538 1757 Gallice
557 1681 715 1778 legeretr
747 1679 818 1755 Sed
837 1702 952 1776 neque
967 1678 1076 1755 sacrm
1094 1681 1212 1756 literae
1229 1681 1379 1759 tractare
1397 1689 1485 1763 sice·

181 1777 244 1856 bat
261 1780 325 1854 nisi
345 1778 557 1876 professione
570 1778 798 1875 Theologis,
814 1802 856 1852 ac
873 1779 910 1851 id
928 1800 1041 1876 genus
1058 1781 1157 1874 aliis,
1176 1785 1381 1877 promiscua
1397 1783 1485 1859 vero

183 1877 385 1952 multitudo
411 1877 501 1953 nihil
529 1873 670 1975 prorsus
695 1897 874 1969 noverat,
909 1876 947 1952 &
975 1876 1139 1953 mulieres
1165 1878 1310 1954 urbanae
1339 1879 1486 1956 Missam

177 1973 357 2050 auditurae
373 1975 515 2051 libellos
532 1977 570 2048 in
587 1971 723 2071 templa
738 1973 967 2067 deserebant,
986 1978 1048 2072 qui
1066 1976 1190 2049 latinas
1208 1977 1385 2053 habebant
1402 2004 1485 2077 pre·

180 2073 363 2164 cationes,
396 2097 453 2146 eas
478 2092 664 2163 uteunque
684 2071 1020 2163 demurmurabant,
1046 2095 1128 2146 cum
1149 2074 1253 2171 plane
1270 2077 1358 2150 nihil
1378 2078 1486 2152 intel·

183 2167 362 2261 ligerent,
394 2169 432 2237 sic
460 2165 657 2256 persuasum
683 2187 756 2237 erat
783 2167 889 2261 ipsis,
922 2169 1039 2239 multo
1067 2170 1102 2240 id
1127 2172 1263 2266 gratius
1287 2172 1486 2269 erroneo,

116 2272 123 2294 ‘
177 2279 293 2352 quam
318 2256 342 2327 fi
361 2258 477 2350 patrio
494 2277 679 2328 uterentur
696 2254 867 2329 sermone.
918 2262 1005 2332 Hoc
1022 2264 1190 2337 nimirum
1208 2267 1361 2360 agebant
1379 2271 1486 2346 sacri·

183 2352 274 2442 fici,
299 2351 429 2448 quibus
444 2370 519 2424 erat
536 2351 723 2424 hominum
743 2353 945 2450 ignorantia
962 2357 1171 2452 quaestuosa.

235 2449 430 2541 Isirronymr'
445 2466 563 2520 autem
583 2449 623 2521 V
619 2445 761 2520 indocini
778 2451 832 2541 (c)
867 2452 1133 2523 vivicomburio
1150 2473 1301 2549 propter
1318 2459 1488 2556 Evange-

162 2547 229 2622 -lii
256 2543 507 2620 confessionem
534 2542 745 2640 intrepidam
767 2547 811 2618 A.
829 2566 934 2641 ¹539·
959 2544 1087 2618 sublati
1104 2550 1309 2644 exemplum
1329 2553 1489 2650 primum

184 2644 258 2816 figit
281 2667 431 2738 eorum²
464 2640 526 2740 qui
552 2640 648 2742 apud
674 2642 875 2743 Aginmsrs
893 2644 928 2717 iu
945 2648 1138 2742 Aquitania
1154 2649 1316 2746 martyrii
1333 2672 1489 2728 mortem

177 2767 203 2818 o
233 2760 363 2815 rerunt.
1079 2767 1085 2782 ·
1272 2800 1276 2811 .

175 2889 180 2899 ·
229 2841 375 2916 Andreae
384 2835 638 2929 Berrherrnrrd)
658 2859 703 2911 ne
717 2860 1043 2915 commemoremur
1058 2864 1160 2917 exem
1191 2842 1264 2918 lum
1284 2863 1337 2921 tra
1367 2847 1462 2923 icum

183 2936 338 3012 flammis
354 2938 490 3047 quippe
505 2933 664 3047 ostjeffl,
687 2936 785 3032 quod
803 2961 848 3011 ex
867 2961 955 3036 agro
976 2867 1188 3015 vivarios
1196 2942 1312 3018 versus
1330 2869 1486 3044 sogor!

183 3058 271 3111 uum
292 3031 508 3109 iterfaciens
525 3032 666 3131 signum
682 3033 739 3107 vel
757 3035 910 3133 lapidem
928 3039 965 3111 in
981 3039 1040 3114 via
1056 3039 1213 3114 cresium
1231 3044 1487 3141 genuflexione

178 3131 333 3208 ¹salutare
349 3127 530 3205 noluisset.

235 3241 266 3318 ς.
294 3228 424 3301 XLll.
466 3229 612 3299 Annum
642 3227 871 3301 milsefirnum
897 3239 1183 3328 quingentefimrrm
1208 3236 1489 3334 quadragefimum

186 3327 347 3400 nobilem
368 3325 517 3399 dubium
527 3347 570 3398 an
581 3323 747 3396 infamem
757 3323 1013 3419 reddiderunt,
1030 3350 1206 3424 quaecum
1220 3330 1491 3412 WALDEN·

184 3424 325 3501 -SIUM
342 3446 505 3499 veterum
521 3423 680 3522 reliquiis
697 3422 735 3498 in
752 3419 874 3495 Gallia
890 3421 988 3520 gesta
1003 3421 1096 3501 sunt.
1315 3456 1318 3461 ·

819 3519 860 3594 R
1386 3529 1491 3610 1³0st-

251 3663 283 3738 a)
308 3660 532 3729 SLEIDAN.
551 3661 624 3733 Lib.
642 3662 723 3730 XII.
746 3683 776 3747 p.
795 3664 893 3744 195b.

184 3708 193 3801 ’.
232 3665 288 3826 ib)
314 3743 539 3812 SLEIDAN.
558 3745 610 3809 lib.
627 3748 680 3812 cir.
703 3771 733 3833 p.
753 3748 851 3828 196b.

187 3892 200 3905 ,
234 3832 288 3910 (c)
313 3824 437 3895 BEZA
452 3830 484 3896 iu
500 3828 630 3896 Histoir.
648 3829 859 3917 Ecclefiassiq.
876 3828 980 3897 Tum.
999 3833 1026 3898 1.
1049 3857 1079 3920 p.
1098 3853 1149 3920 25.

232 3908 290 3998 ‘(d)
314 3909 480 4002 Martyres.
495 3935 597 4001 magr.
612 3911 696 3980 Gall.
714 3916 773 3984 sol.
794 3913 1017 4001 nomez.
1035 3921 1059 3986 1.
1076 3938 1153 4017 op.
1170 3922 1223 3999 τό.
1296 3990 1306 4001 ,
1375 3960 1381 3976 ·
1453 3848 1477 3991 i
