3322 4456
158 466 240 542 quae
260 441 362 519 nobis
382 440 419 514 in
437 438 512 516 solo
530 436 676 514 Christo
694 435 867 515 offertur:
897 435 987 512 licut
1005 434 1263 536 scriptumest,
1290 438 1455 522 Verbum

157 542 274 640 prope
299 539 351 612 est
377 540 414 609 in
441 562 503 611 ore
528 554 615 628 tuo,
649 536 687 611 ὃ(
712 539 750 608 in
774 537 985 610 cordetuo:
1022 536 1091 606 hoc
1109 533 1160 606 est
1177 536 1326 613 verbum
1342 541 1453 635 fidei,

157 638 254 731 quod
281 635 528 732 praedicamus.
568 633 682 728 Quod
711 632 735 705 li
759 633 959 706 Dominum
973 629 1096 723 lesum
1114 653 1177 704 ore
1195 649 1259 706 tuo
1277 635 1454 713 consessus

156 734 286 824 fueris,
321 733 358 807 δε
384 731 572 806 credideris
591 735 627 802 in
646 729 754 803 corde
773 749 838 802 tuo
855 727 953 825 qudd
973 728 1073 799 Deus
1090 725 1268 802 suscitavit
1285 732 1389 807 illum
1407 756 1454 808 ex

156 830 329 902 mortuis:
365 826 478 900 salvus
501 828 591 918 eris,
626 826 734 900 corde
758 827 853 899 enim
883 824 1040 897 creditur
1059 822 1304 919 injustitiam,
1330 853 1392 902 ore
1408 829 1455 906 fit

158 923 327 998 consessio
344 925 380 1020 in
397 923 565 1013 salutem,
585 924 699 994 omnis
718 923 779 1018 qui
798 922 912 994 credit
930 922 1058 994 iocum
1069 942 1140 992 non
1154 919 1325 1016 pudefier.
1353 925 1453 1001 Nam

157 1021 231 1093 Dei
259 1018 501 1115 promissiones
527 1018 597 1090 lide
621 1019 968 1116 apprehenduntur,
989 1039 1070 1115 qux
1097 1038 1195 1090 certa
1219 1017 1270 1090 est
1288 1022 1453 1119 cognitio

155 1120 285 1187 amoris
304 1116 374 1187 Dei
393 1137 477 1210 erga
495 1138 582 1208 nos,
608 1115 643 1185 in
661 1118 818 1212 gratuita
838 1115 907 1188 Dei
925 1110 1174 1210 promissione,
1199 1137 1303 1283 ἓυαω
1322 1115 1454 1207 inJesu

155 1210 302 1284 Christo
321 1211 510 1300 habemus,
530 1210 696 1284 fundata:
723 1211 851 1283 deinde
869 1234 932 1308 per
949 1210 1124 1307 Spiritum
1143 1208 1197 1282 san
1237 1235 1297 1285 um
1316 1213 1353 1285 in
1370 1236 1456 1288 cor·

153 1309 257 1382 dibus
283 1306 408 1380 nostris
426 1303 635 1380 confirmata
651 1326 757 1403 atque
775 1307 981 1403 obsignata,
1009 1328 1077 1403 qua
1094 1309 1205 1403 gratis
1221 1308 1304 1381 salvi
1322 1307 1449 1385 fimus:
1502 1325 1505 1331 '

152 1427 220 1478 nec
240 1404 276 1478 id
291 1401 314 1475 l
331 1403 455 1496 nobis,
481 1402 538 1476 sed
556 1403 652 1477 dono
673 1404 764 1496 Dei,
781 1427 853 1476 non
871 1426 989 1478 autem
1009 1406 1197 1496 operibus,
1214 1425 1259 1477 ne
1276 1406 1354 1502 quis
1372 1408 1455 1504 glo·

138 1503 234 1575 ''riari
254 1499 367 1597 poffit.
394 1500 548 1574 Proinde
566 1501 692 1573 Paulus
711 1503 832 1572 omnia
852 1499 913 1572 sabi
931 1501 1147 1573 detrimento
1164 1498 1231 1574 esse
1241 1500 1367 1596 duxit,
1385 1527 1453 1580 nec

152 1599 264 1695 pluris
281 1595 387 1693 quim
409 1595 532 1668 fimum
553 1597 762 1689 aestimavit,
781 1618 821 1669 ut
841 1595 904 1672 sibi
923 1595 1107 1670 Christum
1127 1596 1373 1692 lucrifaceret,
1391 1621 1452 1678 ut·

153 1691 222 1791 qu'e
248 1695 284 1766 in
311 1692 458 1766 Christo
475 1694 694 1767 inveniretur
710 1693 852 1766 indutus
870 1717 942 1766 non
956 1693 1095 1813 justitia
1112 1686 1243 1790 Legis,
1268 1693 1324 1768 sed
1344 1696 1452 1791 fidei,

153 1815 235 1889 quae
254 1792 399 1887 quidem
413 1788 553 1884 justitia
569 1788 590 1862 a
609 1792 691 1880 Deo
707 1789 772 1864 est.
799 1793 976 1863 Praeterea
994 1789 1088 1863 idem
1107 1789 1190 1862 alibi
1209 1787 1337 1865 insert:
1366 1795 1453 1868 Nos

151 1887 273 1984 itaque
299 1885 446 1960 scientes
464 1887 643 1960 hominem
662 1902 735 1960 non
751 1911 796 1966 ex
815 1888 1006 1983 operibus,
1040 1881 1097 1958 sed
1117 1909 1180 1983 per
1196 1885 1304 1960 fidem
1318 1888 1455 1986 justifi-

152 1985 247 2059 cari:
278 1984 456 2056 credimus
473 1986 580 2056 etiam
600 1983 770 2073 inlesum
789 1983 996 2073 Christum,
1022 2003 1062 2055 ut
1107 2006 1145 2055 er
1163 1981 1272 2056 fidem
1291 1986 1326 2059 in
1344 2010 1450 2081 eum,

29 2124 34 2134 ·
152 2104 224 2152 non
243 2103 287 2150 ex
304 2104 327 2148 o
355 2081 472 2151 eribus
491 2080 598 2174 Legis
612 2078 865 2174 justificemur.
897 2079 1033 2166 ,Eadem
1053 2007 1104 2150 cli
1120 2077 1281 2155 dodirina
1301 2083 1455 2161 Domini

152 2175 262 2246 nostri
278 2103 360 2264 Jeb
371 2171 527 2265 Christi,
546 2176 629 2266 qui,
647 2176 887 2269 quaerentibus
905 2173 1107 2267 discipulis,
1124 2178 1246 2269 ecquis
1261 2180 1375 2274 igitur
1387 2181 1454 2257 sal·

68 2299 74 2309 ·
152 2292 218 2344 vus
241 2265 369 2341 fieret?
403 2267 606 2363 respondit,
631 2268 725 2364 apud
744 2269 907 2341 homines
924 2268 959 2340 id
977 2268 1144 2363 quidem,
1168 2268 1236 2343 elle
1254 2274 1452 2367 impollibi·
1495 2315 1497 2319 v

152 2366 207 2441 le:
240 2362 335 2461 rpud
363 2364 484 2438 Deum
509 2362 619 2453 verb,
652 2365 771 2437 omnia
796 2363 864 2438 esse
881 2361 1068 2461 possibilia.
1110 2363 1189 2440 Ubi
1208 2367 1326 2464 itaque
1343 2369 1453 2447 restat

109 2509 113 2514 ν
151 2463 322 2560 gloriatio
334 2459 360 2556 ?⁸
383 2458 523 2557 prorsus
539 2458 756 2534 excluditur.
797 2461 882 2560 Qua
900 2460 1040 2534 tandem
1061 2462 1166 2559 lege?
1192 2462 1452 2560 Operum-ne?

152 2559 267 2632 Non:
294 2557 351 2631 sed
371 2581 434 2654 per
451 2557 566 2654 legem
583 2555 690 2652 fidei,
715 2579 797 2653 quae
813 2576 1000 2654 reputatur
1016 2558 1058 2630 ad
1072 2557 1259 2656 justitiam.

152 2653 296 2786 gem]
325 2653 555 2820 Cogfitemur
580 2652 675 2724 bona
692 2677 819 2765 opera,
845 2678 926 2750 quae
945 2655 1046 2766 Deus
1065 2658 1277 2751 praeparavit
1295 2677 1337 2734 ut
1354 2658 1391 2733 in
1407 2658 1452 2776 iis

135 2844 279 2921 sesne
300 2749 1450 2946 ,llllulllaililli'30⁹5?leliuidinis!

151 2944 240 3042 quid
266 2869 363 3042 apag
391 2942 536 3032 Deum,
570 2961 632 3015 aut
654 2963 754 3017 metu
772 2945 896 3017 aeterni
913 2944 1037 3018 exitii:
1063 2869 1121 3018 ἑά
1138 2970 1183 3019 ex
1203 2946 1325 3024 officio
1342 2971 1452 3048 arque

147 3064 289 3134 amore,
306 3063 381 3135 quo
397 3062 624 3113 communem
634 3039 796 3114 omnium
807 3039 968 3115 nostrrim
980 3042 1119 3116 Patrem
1130 3041 1325 3143 complesli
1335 3071 1448 3143 opor·

147 3153 224 3227 tet,
258 3155 299 3209 ut
325 3134 534 3232 obsequium
552 3132 713 3210 nostrum
735 3139 778 3210 ad
797 3137 906 3234 ipsius
923 3139 1077 3237 gloriam
1096 3141 1308 3236 &proximi
1329 3144 1449 3220 aedili·

151 3234 330 3303 cntionem
358 3231 511 3325 spectet:
545 3251 658 3326 utque
684 3256 766 3306 vera
789 3258 832 3306 ac
858 3236 940 3306 viva
965 3233 1074 3326 fides,
1107 3255 1272 3333 tanquam
1301 3240 1448 3317 arbor'd

152 3325 255 3397 bonis
283 3323 476 3419 trudibus,
510 3328 546 3400 di
575 3326 751 3402 noscatur.
794 3329 883 3400 Huc
909 3330 1063 3403 tendunt
1088 3332 1196 3404 verba
1214 3335 1333 3429 Petri,
1352 3362 1447 3416 'cum

151 3425 212 3495 ait.
291 3425 521 3515 uamnbrm,
548 3349 701 3516 iratres,
735 3424 817 3497 date
842 3447 985 3520 operam
1004 3446 1045 3500 ut
1061 3424 1165 3502 bonis
1182 3433 1351 3526 operibus
1368 3459 1448 3512 cer·

151 3521 225 3592 tior
243 3541 279 3591 re
306 3518 409 3591 datur
425 3519 554 3593 elediio
572 3520 706 3613 vestra,
724 3522 1027 3596 conversationem
1046 3522 1194 3599 vestram
1215 3529 1308 3604 inter
1322 3553 1449 3629 gentes

151 3613 319 3687 habentes
346 3613 499 3708 bonam,
529 3636 571 3690 ut
589 3619 624 3690 in
643 3641 717 3714 quo
734 3617 925 3692 detrabunt
942 3620 986 3694 de
1003 3616 1106 3693 vobis
1123 3621 1288 3722 tanquam
1308 3631 1447 3705 malefi-

151 3710 224 3799 cis,
254 3733 299 3783 ex
318 3708 421 3782 bonis
439 3713 609 3807 operibus
627 3737 690 3788 vos
709 3714 943 3809 aestimantes,
968 3717 1177 3815 glorificent
1196 3724 1315 3796 Deum
1335 3728 1447 3806 indie

150 3805 373 3885 sistationis.
407 3806 591 3902 Quoniam
618 3832 736 3886 autem
763 3811 887 3989 siigidi
914 3815 952 3894 bt
971 3814 1067 3914 pigri
1084 3815 1127 3892 ad
1146 3842 1252 3899 omne
1268 3845 1359 3920 opus
1377 3823 1456 3899 bo·.

161 3938 164 3943 ·
242 3932 246 3947 ¹
1234 3952 1238 3957 ·
1357 3941 1447 4001 num
