3322 4456
150 298 1114 448 mm.'nnmouaan
1326 307 1443 438 A„

148 525 176 566 „
201 473 234 546 se
251 469 394 570 quidem
410 467 552 541 dicebat
572 463 745 539 {adiutum
764 465 906 555 omnia,
924 459 1442 564 quomihigratilieariposset,
1467 504 1469 511 ·

150 622 178 662 „
204 569 259 642 sed
287 591 358 641 rem
385 563 561 663 ejusmodi
588 559 654 634 esse
681 564 716 631 in
743 582 812 656 qua
837 582 961 657 parum
989 558 1096 652 ipfius
1118 561 1249 635 valeret
1267 560 1442 657 potestas,

151 716 178 757 „
203 664 267 738 nisi
286 663 475 760 spiritualis
494 658 563 731 fori
584 657 684 729 simul
702 658 892 729 accedente
902 658 1053 730 calculo.
1079 656 1232 729 Suadere
1243 661 1382 754 itaque,
1401 679 1445 733 ut

149 812 178 855 „
202 760 464 834 Cancellarium
483 754 641 851 episcopi
663 753 893 829 Londinenfis
912 753 1014 848 super
1031 775 1070 823 ea
1088 774 1124 821 re
1143 756 1358 850 compellare
1368 757 1445 829 vel·

151 908 178 948 „
204 859 280 944 let,
322 853 388 925 sese
413 856 530 943 enirn,
564 870 605 922 ut
631 849 701 921 stne
724 849 971 944 jurisdictione
998 847 1191 942 spirituali,
1226 854 1358 924 carceri
1386 875 1445 924 me

152 1002 182 1043 „
206 950 369 1024 mandare
395 973 467 1020 non
494 947 630 1045 posl'et,
663 947 712 1017 ita
736 946 799 1016 nisi
818 970 862 1018 ex
881 946 1000 1019 eadem
1019 944 1236 1018 authoritate
1256 946 1326 1018 srne
1343 945 1446 1042 spiri·

152 1099 181 1140 „
208 1047 296 1120 tuali
314 1046 498 1135 ministro,
525 1069 581 1116 nie
599 1066 693 1115 nunc
711 1044 867 1116 eximere
885 1063 1104 1137 nequaquam
1124 1040 1232 1135 posse.
1273 1041 1448 1116 Dimissus

154 1193 183 1236 „
209 1164 291 1215 cum
312 1144 382 1215 hoc
400 1140 563 1236 responso
582 1160 679 1211 meus
697 1139 913 1232 advocatus,
933 1135 1028 1210 rediit
1046 1139 1308 1211 Cancellariunr
1329 1141 1448 1236 petit,

155 1290 183 1331 „
208 1262 313 1334 opem
341 1240 378 1309 in
405 1239 471 1310 hac
499 1260 536 1309 re
562 1236 655 1307 illius
677 1237 880 1328 implorans.
923 1235 997 1307 Cui
1015 1236 1052 1304 in
1071 1235 1167 1306 hunc
1184 1235 1331 1308 modum
1352 1237 1449 1309 Cau·

153 1386 182 1428 ,‚
207 1336 387 1409 cellarius:
415 1333 562 1406 Causam
584 1335 765 1426 permagni
783 1331 850 1404 esse
868 1333 1042 1404 momenti
1061 1331 1265 1427 respondit,
1290 1333 1349 1405 cui
1368 1334 1449 1406 lon·

150 1482 180 1524 „
206 1431 254 1528 gt}
279 1432 426 1503 inferior
447 1434 523 1523 ejus
541 1429 625 1502 elles
644 1430 745 1500 unius
763 1431 980 1520 authoritas,
1005 1449 1071 1499 nec
1088 1430 1215 1501 audere
1233 1430 1337 1502 etiam
1358 1431 1395 1500 in
1412 1451 1450 1503 re

39 1618 42 1622 ,
153 1579 181 1621 ,,
208 1548 327 1619 tanta,
359 1551 400 1599 uc
427 1528 488 1597 tali
511 1529 570 1622 jus
591 1525 689 1596 suum
709 1527 951 1619 interponere:
982 1522 1154 1619 Episcopi
1174 1524 1343 1620 siquidem
1364 1551 1450 1622 pro·

154 1675 181 1716 „
235 1626 326 1697 rium
346 1625 416 1695 hoc
436 1645 564 1694 munus
583 1620 670 1711 elie,
689 1644 730 1694 ac
748 1623 899 1716 proinde
918 1619 1108 1693 necesl'arid
1122 1622 1361 1694 accersendam
1372 1626 1451 1719 ejus

153 1771 180 1813 „
207 1647 278 1794 huc
296 1718 581 1809 consensionem,
607 1719 739 1816 alioqui
759 1719 848 1790 nihil
865 1716 933 1791 else
951 1718 1047 1811 quod
1066 1717 1158 1789 solus
1177 1719 1250 1813 ipse
1270 1717 1378 1791 tinec
1406 1721 1451 1792 is·

151 1868 180 1911 „
205 1840 302 1914 copo
329 1815 453 1913 possit,
486 1818 658 1888 audeatve
683 1815 882 1907 conficere,
908 1815 1072 1911 polliceri
1091 1811 1127 1885 id
1145 1833 1285 1906 tamen,
1310 1742 1450 1914 episdo·

154 1965 183 2008 „
208 1938 294 2010 pum
312 1938 355 1987 eo
371 1916 415 1987 de
434 1915 583 2012 negotio
601 1932 862 1984 conventurum
881 1913 915 1985 se
933 1911 1067 1984 obnixe
1086 1912 1122 1984 ὃ(
1141 1910 1343 2010 diligenter.
1376 1913 1450 1985 lta·

154 2061 182 2102 „
208 2032 276 2106 que
294 2011 447 2083 crastino
464 2013 506 2081 ad
525 2010 558 2082 se
576 2009 690 2082 redire
705 2011 831 2104 jubet,
852 2007 960 2082 fusius
979 2010 1187 2103 pleniusque
1201 2015 1245 2081 de
1258 2011 1451 2082 illiustune

155 2154 183 2196 „
207 2107 394 2179 voluntate
420 2106 637 2176 auditurum.
680 2102 864 2193 Breviter,
899 2107 941 2176 ad
968 2105 1062 2176 diem
1082 2127 1122 2175 ac
1141 2105 1262 2176 horam
1283 2103 1452 2193 indictam

161 2248 188 2290 ‚,
213 2200 368 2269 reversus
394 2219 569 2293 cognatus
594 2220 714 2287 meus,
749 2218 941 2289 utrumque
968 2201 1100 2291 pariter
1125 2203 1294 2271 convenit
1311 2203 1453 2296 episco-

159 2341 188 2387 „
214 2312 300 2390 pum
320 2313 402 2365 eum
422 2292 654 2381 cancellario,
681 2313 734 2363 res
753 2290 905 2387 denique
923 2291 968 2363 eh
988 2293 1116 2382 rediit,
1143 2314 1183 2364 ut
1202 2296 1339 2367 diceret
1357 2298 1453 2391 epis·
1500 2331 1503 2337 =

154 2438 185 2482 „
210 2410 324 2486 copus
348 2391 523 2462 exituram
550 2387 692 2482 quidem
720 2407 776 2458 nre
801 2387 843 2458 ad
870 2389 1253 2479 communicationem,
1291 2390 1338 2463 fic
1357 2396 1453 2463 eninr

157 2537 185 2578 „
210 2486 432 2582 appellabat:
466 2487 627 2579 dicitque
650 2485 681 2554 ei
709 2485 831 2556 horam
860 2487 930 2558 diei
950 2484 1123 2581 sequentis
1139 2490 1280 2556 tertiam
1298 2489 1454 2581 pomeri·

155 2633 184 2675 „
208 2580 376 2672 dianam,
413 2581 583 2679 additque
609 2578 771 2676 iusuper,
805 2581 1046 2656 adhibiturum
1074 2579 1107 2653 se
1134 2582 1372 2655 collocutioni
1401 2582 1454 2656 illi

157 2730 184 2773 „
209 2680 305 2752 uiros
340 2677 496 2752 maxime
524 2699 585 2751 eos
610 2678 739 2774 quibus
765 2677 910 2772 ipsamet
936 2676 1154 2776 potillimum
1184 2677 1366 2752 faverem:
1413 2699 1456 2754 ut

155 2827 184 2871 „
210 2772 378 2848 omnibus
394 2775 508 2848 rideri
526 2770 663 2872 posset,
681 2793 786 2872 quant
803 2774 903 2848 nullo
923 2777 951 2848 ri
981 2794 1062 2866 ote,
1081 2794 1147 2848 nec
1166 2796 1233 2872 pro
1244 2775 1455 2850 summosuo
1510 2808 1512 2813 v

156 2920 184 2967 „
209 2872 271 2947 suo
293 2874 378 2970 jure
402 2890 542 2944 mecum
561 2879 704 2967 agerem
738 2871 797 2944 Ad
816 2873 886 2946 hoc
904 2794 991 2945 terh
1009 2872 1190 2966 respondit
1209 2874 1288 2964 ille,
1322 2874 1456 2947 Nemi·

156 3022 185 3065 „
210 2990 292 3045 netu
311 2969 345 3042 se
362 2968 472 3059 scire,
497 2969 557 3042 cui
576 2966 680 3040 essem
699 2988 774 3064 prat
794 2971 934 3044 caeteris
951 2968 1137 3043 addidlior.
1172 2968 1255 3043 luto
1274 2971 1376 3062 sunt,
1403 2973 1457 3044 in·

157 3117 186 3159 „
211 3070 291 3161 quit
307 3065 517 3163 episcopus,
534 3084 623 3161 quos
641 3067 868 3160 peculiariter
888 3065 952 3141 fibi
972 3090 1047 3166 prae
1065 3068 1205 3140 caeteris
1223 3069 1376 3141 eximios
1396 3069 1458 3140 ha·

157 3161 316 3254 „·beat,
348 3160 532 3236 dofiiorem
561 3163 737 3255 Cronium,
773 3164 976 3255 Gillamum,
1013 3166 1256 3254 Whirhedam,
1294 3166 1331 3238 ὃς
1353 3164 1458 3237 Han·

158 3304 187 3349 „
210 3270 420 3354 tyngronunr,
453 3259 518 3332 hos
544 3261 638 3332 enirn
666 3261 703 3332 dt
731 3257 857 3334 dodlos
883 3258 1067 3359 agnoscit,
1101 3261 1138 3333 &
1165 3260 1299 3358 synceri
1324 3252 1456 3356 judicii

160 3402 187 3447 „
213 3354 384 3427 homines.
428 3355 605 3430 Praeterea
638 3354 762 3428 multis
797 3355 914 3429 verbis
945 3356 1050 3428 instat
1076 3357 1169 3451 apud
1196 3355 1456 3431 consobrinum

160 3499 187 3543 „
211 3449 308 3525 hune
327 3472 467 3544 meum,
492 3473 534 3527 ur
551 3452 639 3526 mihi
682 3449 902 3544 eriuaderet,
928 3454 1073 3530 intimos
1091 3452 1239 3529 recessus
1256 3455 1364 3528 animi
1386 3454 1458 3530 mei

159 3592 188 3636 „
211 3564 318 3641 atque
342 3548 491 3623 latebras
516 3570 639 3624 omnes
657 3475 775 3623 hibere*
799 3549 1031 3646 audacterque
1048 3551 1143 3648 apud
1161 3552 1275 3650 ipsum
1294 3571 1458 3649 expono·

161 3687 188 3732 ,‚
213 3663 310 3732 rem,
335 3645 432 3736 quod
452 3644 477 3717 fi
495 3644 671 3740 facerem,
697 3645 804 3722 fidem
824 3645 1016 3746 obstringit
1033 3645 1151 3743 suam,
1177 3651 1278 3723 nullo
1296 3646 1402 3748 pasto
1420 3649 1457 3723 id

159 3783 187 3829 „
212 3737 301 3808 milri
319 3739 376 3809 rel
394 3738 509 3814 fraudi
527 3745 585 3817 rel
603 3746 866 3818 intertrimento
885 3744 982 3840 fore,
1010 3764 1075 3818 nec
1094 3749 1285 3844 quicquam
1304 3760 1457 3821 erentuc

159 3882 189 3928 „
212 3856 292 3910 rum
309 3835 398 3909 milri
415 3838 452 3910 in
468 3846 509 3912 es
525 3838 997 4014 disquifitionqcaptiosum.
1023 3844 1147 3942 eru,
1166 3844 1280 3944 fiquid
1295 3842 1456 3938 scrupuli

800 3965 872 4019 v2
1341 3952 1455 4035 „aut
