3322 4456
186 279 433 421 Henricmll.
492 338 554 431 [R
602 335 638 411 l:
685 331 816 412 N'O
863 330 903 407 V
951 333 986 409 A
1032 333 1072 409 Τ
1118 335 1184 415 1.-
1225 361 1228 365 ·
1417 280 1484 408 tot

187 467 322 546 Earum
339 463 546 560 exemplum
565 484 652 538 mox
670 461 851 629 pleraeppe
869 457 1001 534 secutae
1018 457 1098 536 sunt
1116 459 1324 536 Academioe
1341 460 1377 534 in
1398 459 1489 535 Gal·

185 566 254 657 lia,
288 586 396 661 atque
420 563 493 658 ipla
517 560 694 656 imprimis
721 559 792 630 Sor
818 580 886 629 onn
904 557 977 647 (a),
1011 557 1188 650 quae-lide
1212 559 1271 633 lua
1296 557 1489 634 solenniter

181 659 422 835 {lllllll
441 651 1359 844 “llssltzlllfnllsslllilliniti?
1378 656 1488 827 llil

425 806 433 825 ·
748 799 760 840 a
975 801 988 840 a

186 875 272 926 cum
298 851 384 923 esset
409 845 604 920 audioritas
618 844 791 938 Caesaris,
815 846 972 917 multum
990 845 1073 918 inde
1088 843 1216 942 sperari
1233 870 1306 920 non
1323 805 1487 944 poterat,

186 948 256 1022 nist
281 943 559 1036 {Lutheranim
584 959 666 1017 eum
685 942 814 1039 quibus
832 941 1049 1017 Cranmerut
1064 942 1101 1014 in
1120 940 1347 1017 Germaniam
1365 945 1453 1017 mill
1447 969 1488 1019 ua

187 1041 340 1144 agebat,
372 1066 417 1115 ae
434 1064 510 1139 prae
528 1040 656 1115 ceteris
672 1062 755 1112 cum
775 1040 940 1135 Ostandro
957 1037 1037 1132 (b),
1063 1038 1166 1111 cu'us
1182 1042 1319 1135 neptim
1339 1042 1376 1112 in
1393 1064 1488 1115 uxo·

185 1162 264 1217 rem
281 1140 457 1224 duxerat,
485 1137 629 1211 Horum
648 1137 703 1208 oti
721 1158 793 1208 non
812 1136 988 1208 unanimin
1003 1154 1079 1208 erat
1095 1062 1286 1228 dementia,
1305 1159 1391 1209 num
1411 1140 1486 1213 Re·

186 1237 244 1336 gia
261 1236 399 1332 nuptiae
414 1233 525 1307 ess'ent
542 1230 772 1325 incestuosae,
798 1254 883 1305 num
902 1234 990 1306 veri>
1008 1231 1148 1305 minus?
1184 1233 1234 1307 ita
1251 1253 1371 1309 tamen
1387 1234 1424 1306 in
1442 1258 1487 1308 eo

180 1331 475 1422 eonsentiebant,
498 1328 596 1426 quod
614 1350 808 1428 negarent,
833 1331 940 1425 Papae
956 1352 1113 1426 unquam
1131 1327 1268 1404 licuiffe
1285 1331 1330 1405 de
1347 1330 1488 1430 legibue

186 1428 321 1505 divinia
338 1425 555 1525 dispensarer
582 1426 679 1501 Cum
696 1426 998 1523 quibaa‘Heivetii
1014 1445 1054 1499 ut
1074 1427 1267 1522 plurimum
1286 1427 1486 1503 consentie-

180 1523 295 1618 ltant,
315 1526 443 1623 ,veluti
468 1525 613 1622 utilique
638 1543 757 1597 tamen
781 1520 951 1617 deinceps
969 1521 1031 1595 ubi
1050 1524 1134 1598 Rex
1152 1525 1293 1597 Annam
1312 1527 1487 1601 Boleaiam

185 1620 359 1715 duxerat,
391 1623 569 1696 utrumvis
586 1621 856 1695 matrimonium
876 1618 1150 1717 improbabant,
1179 1619 1349 1720 liquidem
1367 1623 1487 1721 priua,

179 1718 326 1795 ¹tametsi
351 1742 424 1793 non
446 1719 610 1815 legitime
625 1716 852 1792 contradam
863 1734 881 1808 ,·
903 1739 975 1789 non
994 1736 1112 1791 tamen
1129 1741 1169 1791 ea
1187 1738 1339 1815 propter
1354 1720 1486 1795 rescin-

182 1817 220 1890 di
236 1815 368 1890 debere
381 1814 613 1915 iudicabant,
640 1816 770 1919 nedom
789 1836 830 1890 ut
847 1815 946 1917 Regi
966 1814 1111 1904 liceret,
1138 1817 1323 1913 repudiata
1340 1818 1484 1912 priore,

181 1913 336 1989 alteram·
347 1913 479 1989 ducere
494 1915 532 1988 in
550 1915 819 1999 matrimonium
830 1941 851 1999 i·
878 1911 929 1985 Et
947 1913 1028 1987 haec
1047 1913 1190 2011 quidem
1209 1916 1329 1988 omnia
1346 1932 1391 1987 en
1408 1917 1484 1989 La·

176 2013 298 2104 theri,
318 2012 595 2103 ,Medicinam
629 2013 810 2107 Ofiaadri,
838 2009 1062 2110 Phrygionis,
1089 2011 1243 2103 Grynei,
1269 2015 1485 2110 Ouala-anpa-

179 2109 258 2198 dii,
289 2109 434 2199 Burri,
469 2112 635 2202 Zminglii
662 2111 700 2180 ὃ(
726 2111 867 2185 Calviai
892 2106 1004 2178 literis
1020 2109 1058 2182 &
1076 2112 1121 2178 eri
1139 2110 1182 2181 iia
1197 2131 1279 2205 quae
1297 2108 1485 2185 dBuraeto

180 2198 267 2281 (unt
292 2201 422 2291 relata,
455 2199 537 2274 latis
560 2202 805 2296 colliguntur,
841 2201 944 2296 cujus
969 2201 1153 2276 inter-alia
1168 2205 1409 2285 *memorabile
1433 2206 1486 2280 est

179 2295 438 2393 epiphonema.
457 2297 511 2387 (c)
910 2318 941 2360 ³·-
1032 2297 1050 2331 ²¹
1111 2299 1161 2356 ·':
1197 2351 1201 2360 .
1310 2319 1316 2327 ·

234 2443 263 2486 ,,
291 2390 341 2464 Et
366 2388 603 2465 Proteliantes
627 2391 793 2486 quidem,
827 2386 927 2490 quod
943 2418 1049 2473 nemo
1069 2394 1206 2472 inficiae
1222 2401 1350 2493 iverit,
1375 2401 1485 2474 animi

184 2539 215 2582 „
241 2487 477 2561 finceritatem
503 2487 656 2658 egregie.
676 2488 712 2561 in
739 2490 809 2562 hoc
835 2495 986 2586 negotio
1013 2490 1282 2589 patefecerunt,
1315 2498 1485 2589 quemad·

139 2675 143 2680 Ι
184 2633 214 2678 „
239 2583 386 2659 modurn
406 2584 501 2658 viros
531 2586 709 2657 ecundum
729 2585 981 2660 conscientiam
1001 2592 1300 2686 pronunciantes,
1328 2591 1365 2664 &
1386 2593 1485 2688 prin·

183 2730 214 2776 ‚,
239 2682 336 2778 cipia
361 2682 482 2776 potius
508 2705 590 2756 aera
615 2707 721 2780 quam
737 2683 983 2758 Politicorum
1009 2687 1189 2761 axiomata
1214 2688 1396 2786 sequenter
1414 2687 1483 2762 de·

184 2829 213 2874 „
232 2797 310 2874 eet.
354 2778 522 2873 Etenim,
557 2777 583 2851 li
610 2781 690 2854 haec
715 2779 826 2854 secuti
850 2780 1191 2876 fortene-dubium
1210 2808 1282 2859 non
1302 2785 1374 2880 eli,
1399 2787 1487 2885 quin

182 2924 211 2972 „
236 2871 348 2972 long&
372 2877 474 2973 plura
500 2879 537 2949 in
562 2876 725 2951 Gratiam
754 2880 844 2953 tanti
872 2879 1050 2980 Principia
1074 2880 1202 2956 naun
1227 2881 1390 2976 fuissent,
1423 2886 1485 2958 cui

182 3024 213 3069 „
237 2992 326 3048 tunc
352 2998 468 3069 neque
492 2978 575 3046 cum
596 2975 776 3051 Pontifice
793 3000 908 3075 neque
926 3000 1008 3050 cum
1028 2977 1168 3055 Caesare
1184 2980 1274 3055 bene
1293 2978 1485 3056 convenie-

184 3121 213 3165 ‚,
239 3070 324 3161 bat,
344 3075 517 3168 cujusque
532 3069 692 3144 favorem
712 3077 915 3171 acquirere,
933 3099 1006 3148 non
1024 3079 1171 3151 minima
1189 3079 1390 3174 prudentiae
1407 3104 1487 3175 part

181 3214 213 3259 „
238 3165 378 3259 suilla,
411 3167 543 3264 frigide
569 3165 656 3241 verb
679 3172 715 3242 in
735 3173 885 3270 negotio
902 3173 977 3266 ejus
994 3177 1250 3248 matrimoniali
1269 3179 1484 3270 procedere,

184 3310 212 3354 ‚,
238 3263 327 3334 nihil
352 3265 447 3338 aliud
466 3276 562 3354 erat,
585 3267 750 3361 quamnd
769 3271 857 3340 iram
874 3291 956 3341 eum
977 3293 1187 3364 provocare.
1232 3269 1369 3346 Veriim
1389 3275 1484 3366 ejus·
1539 3353 1544 3365 ,

174 3385 211 3450 ’,,
238 3359 337 3431 modi
362 3381 478 3452 artes,
519 3360 598 3434 sede
621 3360 835 3458 Apostolica
859 3362 1010 3460 dignae,
1047 3366 1196 3440 minim&
1222 3368 1484 3441 conveniebant

184 3505 213 3549 „
237 3455 336 3547 illis,
377 3459 506 3555 quibus
539 3460 678 3532 animus
710 3478 786 3534 erat
821 3459 1070 3558 Apostolicam
1101 3465 1291 3541 restaurate
1316 3467 1485 3565 Religio·

185 3598 214 3642 '⁹
239 3575 334 3624 'm'
351 3605 409 3649 '’‘
795 3653 868 3730 ec
1253 3648 1255 3651 ’
1283 3673 1302 3748 r
1336 3626 1472 3735 txtv

228 3788 279 3869 (a)
302 3748 516 3860 ananan.
539 3795 599 3862 roi.
618 3817 697 3881 542
726 3856 731 3865 ,

197 3918 199 3922 -
227 3873 281 3952 (b)
304 3870 519 3944 BURNET.
544 3883 566 3944 l.
583 3899 615 3944 c.

227 3960 279 4040 (c)
301 3954 518 4027 BURNET.
542 3965 563 4026 l.
583 3983 612 4028 c.
636 3983 665 4048 p.
685 3982 735 4047 54
753 3983 805 4046 55.
