3322 4456
774 302 860 400 'ss-l

163 433 340 532 Francie,
366 435 428 535 qui
447 434 492 509 de
508 430 533 508 s.
551 431 587 507 d.
606 454 642 506 ti.
659 429 711 506 est
728 431 819 508 bene
838 430 1007 523 meritiis,
1034 426 1297 528 propterquod
1316 425 1471 527 plurima

165 536 341 612 beneficia
366 532 515 607 eeclefie
541 533 709 606 Romane
737 532 774 608 δι
797 533 913 606 eidem
940 529 965 612 s.
984 529 1020 600 d.
1039 550 1075 599 n.
1094 528 1249 623 impensa
1267 547 1339 600 tam
1357 529 1393 602 in
1410 548 1467 600 re·

120 640 121 643 ’
165 636 398 731 cuperatione
417 630 646 721 divitiarum,
672 631 860 702 civitatum
881 629 918 704 &
937 647 1110 700 terrarum
1129 626 1172 697 ad
1190 624 1334 697 eandem
1350 623 1468 698 eccle·

166 731 249 803 siam
269 728 502 825 spectantium
521 752 562 800 ac
578 725 788 824 expulsione
804 729 1037 824 tyrannorum
1058 722 1094 795 &
1113 724 1317 818 iniquorum
1336 717 1478 817 posses·
1539 751 1548 765 ·

166 827 284 898 sorum
306 824 499 898 eorundem
520 826 557 897 &
575 827 651 896 aliis
669 824 784 896 modis
802 824 965 920 pluribus
983 821 1144 916 ingentia
1161 816 1335 928 beneficia
1351 817 1466 890 eidem

167 920 246 993 sd.
266 944 300 993 n.
327 923 363 994 in
390 923 488 993 omni
515 920 604 994 statu
632 922 693 992 suo
722 941 794 992 tam
821 919 896 1017 ipso
923 938 1077 991 exeunte
1097 917 1134 988 in
1153 913 1349 987 minoribus
1367 911 1466 1009 quod

168 1018 276 1089 etiarn
304 1019 345 1089 ad
369 1016 544 1089 summum
566 1017 818 1115 pontificatum
835 1035 1009 1114 promoto
1029 1013 1246 1102 contulerit,
1273 1030 1384 1107 prout
1400 1032 1468 1121 no·

169 1117 304 1186 torium
323 1114 490 1187 omnibus
508 1136 628 1207 extat,
646 1117 787 1187 Tamen
806 1115 897 1188 idern
918 1108 1142 1186 sanstiffimus
1159 1112 1194 1182 d.
1212 1134 1247 1181 n.
1268 1132 1378 1203 papa,
1398 1129 1467 1178 im·

168 1235 307 1284 memor
333 1231 515 1283 tantorum
542 1211 822 1303 beneficiorum,
857 1212 950 1285 salva
976 1232 1064 1304 pace
1081 1206 1139 1280 sue
1157 1206 1368 1297 sanslitatis,
1396 1202 1468 1276 fine

168 1332 207 1380 re
227 1307 297 1380 five
316 1309 518 1381 rationabili
537 1309 637 1380 causa
656 1309 787 1382 bellum
807 1306 1048 1406 gravissimum
1067 1306 1181 1377 eidem
1202 1302 1372 1403 majestati
1392 1325 1467 1413 ma·⁸

165 1405 328 1477 ritimum
348 1407 384 1480 &
405 1405 566 1478 terrestre
584 1406 768 1498 intulerit,
792 1408 903 1479 terras
917 1407 954 1478 &
969 1404 1126 1476 dominia
1144 1401 1280 1499 prefate
1297 1398 1470 1500 majestati

168 1500 325 1598 subjesla
343 1502 594 1577 invadendo&
615 1503 817 1598 predando,
834 1504 1010 1576 amicitias
1025 1501 1061 1573 ὅ(
1074 1498 1192 1573 federa
1210 1518 1336 1571 contra
1353 1497 1469 1594 ipsum

170 1597 488 1672 christianissimum
512 1624 596 1673 cum
617 1603 770 1673 inimicis
788 1601 855 1672 suis
875 1599 1143 1689 contrahendo,
1171 1597 1470 1685 comminationes
1576 1603 1579 1609 '

169 1694 434 1793 obligationum
463 1718 589 1770 contra
614 1692 876 1811 ipsum'regem
901 1696 1086 1787 iaciendo,
1112 1719 1185 1767 non
1204 1693 1316 1766 solum
1337 1694 1373 1764 in
1394 1692 1470 1765 lta··

166 1792 234 1885 lia,
261 1794 317 1867 sed
335 1795 429 1893 apud
448 1819 571 1869 omnes
589 1799 768 1894 principes
780 1798 816 1870 ὃ(
828 1792 1345 1892 potentatuschristianorum,
1361 1789 1481 1884 adeo,-

167 1909 209 1962 ut
228 1912 354 1965 contra
371 1893 484 1988 ipsum
505 1897 662 1967 notorias
681 1895 887 1967 inimicitias
906 1893 1080 1968 ostendat.
1124 1890 1362 1989 Quapropter
1378 1911 1469 1999 conj

166 1991 395 2085 gregationes
430 1990 592 2063 ecelesiae
617 1993 793 2088 gallicane
818 2015 902 2064 cuin
930 1989 1157 2084 beneplacito
1181 1983 1470 2062 <Christianiffimi

167 2089 262 2175 regis
287 2106 446 2156 oratores
472 2087 706 2162 instituendos
732 2091 775 2162 ad
800 2088 913 2180 ipsum
934 2085 1179 2161 sansiiffimum
1197 2087 1384 2161 dominum
1403 2108 1471 2157 no·

169 2176 304 2264 strum,
337 2180 474 2286 Juliuni
491 2183 691 2273 secundam,
725 2204 852 2274 papam
880 2185 1092 2254 modernum
1113 2183 1150 2252 &
1170 2180 1472 2255 reverendiffimos

51 2347 54 2353 ,
170 2270 382 2363 cardinales,
409 2295 470 2369 qui
489 2296 558 2369 qua
576 2276 680 2346 decet
698 2275 895 2355 reverentia
912 2277 1139 2373 supplicent,
1165 2272 1387 2349 &instanter
1405 2299 1471 2371 pe·

170 2388 247 2444 tant
274 2372 419 2442 nomine
438 2368 569 2466 prefati
587 2373 681 2469 regis
700 2374 736 2447 δι
755 2373 903 2448 ecclesie
949 2375 1097 2447 allicane
1114 2372 1158 2445 ab
1177 2373 1301 2445 eodem
1323 2395 1413 2467 papa
1432 2372 1472 2447 δε

168 2467 324 2540 dominis
351 2468 609 2562 cardinalibus,
642 2489 684 2547 ut
712 2468 886 2545 Sanctitas
912 2397 971 2545 lira
996 2470 1085 2546 velit
1106 2491 1327 2567 congregare
1345 2469 1471 2542 conci·

168 2563 257 2636 lium
275 2563 423 2636 ecclefie
442 2567 478 2636 in
495 2566 580 2639 loco
599 2588 681 2641 tuto
700 2568 738 2642 &
756 2572 985 2642 convenienti
1003 2568 1045 2640 ad
1064 2565 1394 2639 determinationem
1413 2567 1471 2657 ul·

170 2664 342 2734 timorum
362 2662 602 2736 conciliorum
620 2665 862 2762 generalium,
888 2684 1061 2765 quatenus
1080 2664 1156 2737 fieri
1176 2666 1323 2762 poterit.
1351 2663 1472 2737 ldem·

169 2781 240 2855 que
274 2779 445 2851 procuret
478 2760 791 2836 Christianiffiinus
821 2786 883 2836 rex
909 2765 1004 2860 apud
1033 2765 1290 2859 Imperatorem
1319 2761 1474 2839 &alios

171 2857 354 2952 principes
381 2855 613 2946 christianos,
646 2879 688 2932 ut
709 2859 772 2932 sibi
790 2861 904 2935 adsint
924 2865 961 2936 &
980 2884 1085 2959 opem
1104 2884 1146 2933 ac
1164 2861 1338 2933 auxilium
1358 2857 1475 2934 ferunt

170 2978 239 3049 pro
265 2956 391 3029 eodem
416 2954 574 3027 concilio
593 2958 748 3053 generali
768 2961 1025 3058 congregando
1042 2957 1085 3031 ad
1102 2955 1394 3031 reformationem
1412 2980 1475 3032 ec·

170 3051 277 3124 clefie
301 3051 506 3125 universalis
533 3053 569 3123 in
597 3056 716 3148 capite
743 3056 780 3129 ὅ(
808 3057 844 3128 in
872 3058 1063 3149 membris,
1090 3057 1127 3130 ὅ(
1145 3055 1346 3152 supplicare
1364 3056 1474 3129 etiam

170 3147 285 3218 eidem
312 3148 337 3220 s.
356 3149 391 3222 d.
411 3173 446 3222 n.
474 3151 619 3222 nomine
645 3151 754 3246 ipfius
780 3154 873 3247 regis
898 3156 935 3227 &
953 3153 1114 3226 ecclesiae
1132 3156 1328 3249 gallicane,
1356 3170 1397 3222 ut
1416 3155 1473 3224 in·
1511 3184 1515 3190 ·

172 3243 276 3314 terim
304 3243 398 3317 disla
425 3247 519 3318 dieta
538 3246 575 3319 ὅ(
596 3249 833 3342 congregatio
851 3251 998 3321 concilii
1015 3251 1187 3345 generalis
1208 3247 1474 3322 &durantibus

171 3337 461 3433 dissensionibus,
496 3366 578 3438 quae
605 3367 702 3416 nunc
729 3344 808 3415 sunt
835 3345 928 3416 inter
953 3344 977 3416 s.
996 3347 1030 3417 d.
1050 3369 1085 3415 n.
1114 3345 1151 3416 &
1178 3345 1329 3417 eundem
1349 3358 1473 3442 regem

171 3435 322 3533 suosque
348 3435 509 3511 subditos
537 3441 598 3513 det
626 3442 921 3540 penitenciarium
941 3442 976 3513 in
995 3465 1032 3515 re
1061 3465 1108 3512 no
1127 3443 1279 3516 Francie
1298 3446 1333 3517 ὃ(
1353 3442 1474 3517 domi·

171 3533 240 3606 niis
254 3537 380 3630 ‘regno
408 3532 575 3631 subieslis
601 3563 684 3611 cuin
713 3537 890 3635 potestate
908 3462 1124 3637 dispensandi
1144 3541 1180 3614 δε
1201 3541 1416 3637 providendi
1436 3544 1474 3616 in

171 3632 339 3703 omnibus
367 3629 524 3724 casibus,
560 3637 676 3729 votis,
710 3633 994 3710 absolutionibus
1020 3637 1064 3710 ab
1086 3641 1474 3712 excommunicationi·

171 3725 259 3816 bus,
294 3728 636 3823 irregularitatibus‚
672 3733 708 3806 bt
735 3733 811 3805 aliis
837 3731 990 3808 censuris
1018 3735 1337 3810 intervenientibus
1362 3738 1398 3810 &
1418 3737 1475 3810 di·

170 3823 450 3922 sponsationibus
469 3826 505 3898 in
523 3830 695 3924 gradibus
711 3831 1031 4001 consafiiguinitatis
1048 3833 1086 3911 δι
1105 3832 1309 3930 affinitatis,
1337 3836 1375 3908 &
1393 3835 1476 3906 uni·

1392 3950 1474 4006 Vel*-
