3322 4456
185 467 254 561 33⁶
384 445 1250 528 nrsroatanvamonttr
1311 386 1476 555 arna

184 636 213 680 „
240 607 324 656 num
351 583 528 656 crederem
556 580 832 669 sacramentum,
866 578 1089 674 quodaltari
1114 580 1356 675 impenderat,
1383 607 1476 657 reae

183 733 212 774 „
237 703 360 752 natura
378 703 508 774 corpus
526 677 593 751 effe
612 679 763 750 Domini
781 673 916 748 nostri?
944 677 1046 748 Huic
1056 674 1200 747 viciffim
1213 677 1395 770 respondi,
1415 704 1477 751 ro·

187 829 216 870 „
241 800 326 872 gans
354 775 536 863 similiter,
563 776 635 870 ipse
658 774 746 846 mihi
764 773 984 861 ostenderet,
1009 774 1239 867 quamobrem
1259 775 1379 848 beatus
1396 777 1478 849 Ste-

186 926 214 966 „
242 875 374 965 phanus
400 873 575 966 lapidibus
601 872 687 941 olim
714 867 937 940 caederetur?
964 869 1059 962 quod
1088 891 1198 963 quum
1218 871 1278 942 iile
1295 870 1328 944 se
1345 871 1478 945 nescire

186 1019 214 1060 „
240 973 394 1039 diceret:
433 963 489 1039 lta
514 990 580 1038 nec
601 989 694 1061 ego,
720 967 883 1058 inquam,
909 962 1005 1036 sutili
1024 964 1292 1060 quaestiunculae
1313 989 1386 1040 tuae
1403 967 1479 1042 sum

187 1117 214 1158 ,‚
240 1063 453 1159 responsura.
505 1060 703 1153 Secundo,
745 1058 908 1131 soeminae
943 1061 1126 1156 cujusdam
1153 1062 1313 1134 sermone
1339 1065 1481 1140 dicebat

187 1213 215 1254 „
241 1162 405 1231 testatum
433 1182 473 1229 ac
492 1156 745 1231 confirmatum
762 1155 852 1245 esse,
877 1178 958 1251 quae
977 1159 1133 1249 diceret,
1160 1159 1208 1230 ita
1227 1158 1356 1231 iccium
1374 1160 1440 1232 esse
1459 1161 1481 1234 ὲ

58 1329 61 1340 ,
187 1309 215 1350 ,,
242 1280 299 1327 me
320 1253 474 1345 alicubi,
508 1254 807 1348 quemadmodum
836 1251 935 1324 Deus
962 1253 998 1324 in
1019 1251 1227 1325 manufactis
1247 1258 1389 1351 templis
1407 1280 1479 1330 non

187 1406 215 1447 ‚,
241 1353 434 1423 habitaret:
472 1348 626 1442 produxi
652 1349 704 1421 illi
731 1373 811 1444 cap.
830 1344 992 1420 Adhmtt.
1018 1350 1056 1423 &
1073 1371 1168 1420 xrrt.
1193 1348 1377 1423 ostendens
1395 1354 1481 1447 quid

187 1501 215 1544 „
242 1448 440 1539 Stephanus
455 1448 491 1519 ἃ
506 1446 633 1518 Paulus
649 1469 689 1519 ca
706 1445 750 1516 de
768 1469 805 1517 re
822 1443 1052 1538 reliquissent.
1078 1444 1285 1519 sciscitatur
1305 1449 1387 1541 iiie,
1407 1473 1480 1544 quo

186 1597 214 1639 „
241 1541 344 1638 padio
362 1543 458 1614 hunc
474 1564 544 1636 ego
563 1543 684 1613 iocum
704 1539 938 1636 accepissem?
966 1541 1057 1614 Non
1076 1542 1176 1633 sunt,
1203 1544 1368 1638 inquam,
1387 1569 1479 1617 mar·

186 1695 214 1735 „
239 1641 364 1737 garitae
383 1641 501 1734 porcis
520 1638 775 1735 projiciendae,
801 1636 930 1733 quibus
948 1639 1066 1711 multo
1085 1641 1197 1736 magis
1214 1641 1357 1736 glandes
1374 1664 1479 1737 quer·

185 1790 214 1834 „
240 1737 330 1807 cina
349 1736 595 1806 convenirent.
621 1735 716 1806 Petit
735 1733 883 1825 deinde,
902 1757 995 1827 quur
1012 1736 1190 1826 dicerem,
1210 1738 1315 1809 maile
1332 1762 1480 1810 merer-

186 1885 214 1929 „
239 1829 292 1904 sus
317 1834 474 1927 quinque
499 1832 535 1901 in
561 1830 681 1903 bibliis
699 1831 770 1902 Dei
787 1829 888 1902 sacris
906 1829 1045 1924 legere,
1071 1845 1176 1923 quam
1196 1832 1346 1903 totidem
1367 1832 1479 1905 missas

186 1983 214 2029 „
239 1927 361 2000 audire
382 1929 418 1999 in
437 1926 599 2021 templo?
623 1927 681 1999 Ita
698 1925 839 2022 quidem
858 1921 878 1995 a
896 1947 953 1996 me
970 1923 1106 1998 dictum
1125 1925 1193 1999 effe
1210 1929 1359 2022 negavi:
1387 1928 1480 2001 haud

186 2078 216 2123 ,‚
241 2043 357 2097 tamen
380 2045 590 2121 propterca,
616 2020 714 2120 quod
733 2023 777 2094 dc
794 2019 942 2117 epistola
962 2045 1002 2093 ac
1023 2023 1223 2119 Evangelio
1240 2024 1356 2095 minus
1373 2024 1480 2097 senti·

188 2175 216 2219 ‚,
242 2143 313 2193 rem
333 2119 444 2193 bene:
470 2119 527 2193 sed
547 2120 595 2193 ob
614 2122 705 2210 hoc,
731 2115 829 2214 quod
847 2118 882 2190 in
901 2117 971 2190 iliis
990 2119 1185 2214 plurimum
1203 2120 1345 2193 sentiam
1365 2121 1482 2194 aedifi·

187 2270 215 2317 ,‚
240 2219 417 2308 cationis,
459 2217 520 2290 hic
553 2214 641 2290 veri>
665 2217 814 2289 omnino
840 2213 942 2289 nihil.
985 2216 1102 2314 Cujus
1128 2220 1178 2291 rei
1208 2217 1325 2292 Divus
1350 2218 1480 2292 Paulus

127 2347 139 2368 ν
183 2366 213 2413 „
243 2338 256 2387 ι
272 2315 359 2389 Cor.
374 2338 429 2408 ¹4·
454 2314 602 2387 idoneus
620 2314 761 2387 accedit
777 2311 896 2405 testis,
921 2312 985 2411 qui
1002 2314 1065 2388 ait.
1102 2315 1141 2390 Si
1161 2317 1333 2392 incertam
1352 2339 1480 2390 vocem

185 2465 213 2509 „
239 2412 300 2484 det
320 2412 427 2503 tuba,
453 2413 530 2508 quis
549 2411 688 2509 parabit
705 2412 739 2483 se
756 2410 797 2482 ad
816 2409 978 2499 bellum?

231 2560 258 2601 „
286 2510 440 2606 Pergens
462 2529 540 2582 tum
560 2510 639 2581 ille':
670 2506 827 2602 Dixisti,
853 2510 888 2582 in
916 2511 990 2599 uit,
1018 2509 1205 2605 siquidem
1224 2510 1334 2582 malus
1352 2533 1393 2584 ac
1411 2509 1483 2584 imss

126 2624 138 2653 a
183 2661 213 2704 2,
239 2630 348 2779 Eurus
366 2607 525 2777 sacfirdsos
542 2606 795 2774 sagramentum
814 2533 1033 2775 confecta,
1057 2607 1304 2779 dpdhmmffid
1322 2606 1391 2778 essi}
1408 2633 1481 2777 qon

279 2726 372 2775 eum.
455 2728 601 2777 conr
656 2726 875 2778 nunuamr
927 2726 1030 2777 ame
1084 2729 1367 2779 rumee:e
1435 2727 1480 2776 oc

184 2754 213 2894 ζ’,
238 2796 421 2871 affirmasse
449 2729 518 2874 md).
561 2728 862 2895 Qr’risqoisqesset‚
888 2821 948 2873 aut
965 2823 1192 2896 quacumque
1207 2805 1280 2872 vita
1295 2801 1401 2888 hujus
1417 2800 1478 2865 ad·

184 2948 211 2990 „
238 2895 395 2970 minister
412 2898 654 2985 sacramenti,
673 2897 708 2966 id
728 2895 817 2966 nihil
835 2893 1007 2986 derogare
1024 2918 1115 2965 meae
1133 2895 1240 2979 fidei,
1257 2913 1323 2961 nec
1339 2887 1478 2961 obstare

184 3046 211 3088 „
237 2993 349 3085 mihi,
384 2998 469 3092 quin
488 2992 613 3084 spiritu
632 2987 863 3059 nihilominus
879 2987 1050 3056 sumerem
1068 3008 1200 3078 corpus
1216 2987 1255 3057 &
1271 2983 1476 3078 sanguinem

183 3144 211 3186 „
239 3088 386 3163 Christi.
413 3086 557 3178 Qrinto
576 3083 681 3175 loco,
699 3080 785 3178 quid
805 3082 849 3152 de
866 3075 1095 3153 Consessione
1111 3078 1299 3154 sentirem?
1323 3081 1478 3154 interro·

183 3240 210 3291 η
235 3208 319 3285 gat:
357 3185 456 3258 Idem
486 3176 646 3277 prorsus,
681 3180 849 3276 inquam,
877 3176 974 3274 quod
995 3175 1306 3272 DivuaJacobus,
1332 3181 1477 3272 quinos

180 3342 209 3385 „
235 3278 365 3356 mutui)
384 3299 533 3380 peccata
548 3276 738 3370 confiteri,
756 3301 797 3351 ac
816 3279 952 3375 precari
972 3276 1123 3349 invicem
1135 3294 1271 3348 mooct.
1296 3273 1381 3349 Post
1396 3277 1477 3350 haec

180 3437 207 3478 ”
234 3377 514 3547 ssssssshmrhs
533 3375 785 3549 hhhhssm
804 3372 1308 3548 stshsrmhih’hhss
1319 3374 1479 3564 ἓὲᾞέἒᾱ

179 3529 208 3663 J:
231 3568 451 3659 judicarem,
487 3498 629 3665 quando
652 3528 812 3645 nondum
830 3500 1013 3643 viderim’
1038 3567 1126 3639 inde
1144 3564 1164 3637 d
1182 3591 1240 3638 me
1256 3569 1410 3661 quaerit,
1435 3592 1478 3640 an

179 3718 207 3760 „
234 3660 396 3753 spiritum
424 3665 497 3736 Dei
524 3667 712 3740 haberem?
748 3669 820 3740 Cui
846 3665 981 3753 rursus,
1008 3662 1122 3760 Quod
1143 3662 1206 3735 nifi
1227 3664 1396 3756 habeam,
1423 3666 1478 3738 in·

179 3814 207 3857 „
234 3781 367 3852 quam,
402 3760 473 3833 Dei
499 3785 572 3836 non
599 3765 697 3855 sum,
731 3763 788 3836 sed
817 3765 908 3837 inter
934 3759 1091 3857 adjectos
1110 3759 1224 3859 plane*
1249 3764 1477 3837 numeranda.

178 3911 207 3954 „
234 3858 332 3929 Tum
352 3856 433 3949 iiie,
453 3860 682 3935 Sacerdotem
702 3858 884 3933 adduxisse
900 3858 953 3950 se,
972 3860 1033 3953 qui
1053 3883 1110 3935 me
1121 3861 1362 3952 examinaret,
1379 3859 1477 3933 dice·

175 4011 203 4055 „
230 3954 302 4032 bat.
329 3942 496 4055 Moxque
513 3954 713 4049 sacrificus,
740 3958 802 4051 qui
820 3956 953 4054 praesto
970 3956 1013 4032 ad
1031 3981 1174 4033 manum
1194 3958 1332 4049 aderat,
1353 3954 1402 4028 fic
1420 3956 1475 4029 in·

1306 4104 1334 4146 aa
1359 4048 1474 4148 cipit,
