3322 4456
161 319 330 412 s.1544.
482 307 521 406 tt
570 305 604 381 n
651 304 692 379 N
744 303 781 380 o
831 303 951 415 va
1000 302 1039 376 τ
1088 304 1120 378 1.
1393 327 1458 406 321

160 444 256 535 tuit,
281 442 415 544 quippe
436 437 497 530 qui
518 435 759 508 Gardinerutn
780 433 843 506 sibi
862 432 998 527 semper
1015 430 1177 507 infestum
1197 432 1370 527 habebat,
1397 438 1460 534 qui

159 541 235 638 ejus
254 559 402 612 conatus
421 530 643 627 infringeret.
671 532 713 602 ld
731 534 878 603 unicum
894 550 1010 602 tamen
1022 527 1141 622 ipsrex
1152 552 1240 605 voto
1250 532 1377 607 eeffiffe
1387 535 1459 607 hoc

159 658 252 708 anno
272 631 506 722 refertur(a),
526 628 621 721 quod
641 651 685 699 ex
704 629 827 699 amicis
845 627 912 699 suis
931 649 1033 721 quam
1055 626 1226 718 plurimos
1244 631 1286 701 ad
1306 629 1457 726 Episco-

158 755 261 828 patus
285 732 434 802 evehere
454 725 635 820 potuerit,
671 747 753 796 cum
782 725 991 819 ceteroquin
1019 743 1236 818 paucarum
1263 728 1300 798 in
1326 728 1468 826 Anglia·

161 832 256 899 circa
276 826 484 920 religionem
503 820 746 892 memorabilia
764 820 889 916 perfici
907 819 1058 916 pollent.

210 935 240 1006 §.
259 921 365 994 CVl.
392 922 441 989 At
453 914 539 989 vero
551 920 584 987 in
600 918 816 1009 SCOTlrl,
835 941 915 1012 quae
927 916 1122 990 Cardinalis
1136 917 1277 990 Betonii
1292 919 1459 1012 imperio,

159 1019 256 1111 quod
285 1019 320 1088 in
350 1019 542 1110 Protegem
564 1036 670 1110 atque
692 1015 872 1110 Reginam
894 1013 956 1086 srbi
975 1033 1220 1109 arrogaverat,
1246 1013 1384 1088 suberat
1402 1016 1462 1088 in·.

161 1110 451 1203 clementissimo,
472 1132 547 1182 tum
566 1113 638 1182 duo
656 1132 869 1199 evenerunt,
887 1111 944 1185 sed
963 1111 1071 1206 longe
1089 1110 1243 1202 diversa,
1262 1135 1343 1206 quae
1355 1135 1457 1183 com·

158 1213 345 1283 memorari
363 1229 565 1292 merentum
588 1208 751 1279 Alterum
770 1207 821 1279 est
840 1210 973 1304 Georgii
991 1208 1175 1280 Guichardr'
1193 1205 1263 1279 five
1279 1207 1460 1280 Wisharti
1514 1213 1515 1217 ’

159 1314 279 1403 (quem
298 1305 584 1399 Sophocardium
595 1304 895 1394 Buchananus(b)
915 1305 1084 1399 appellat)
1100 1306 1332 1400 martyrium,
1355 1305 1458 1377 Alte·

157 1398 1459 1498 rum,tragicaipsiusCardinalisaliquotmensibuspostsubsecutamors.

204 1502 292 1574 Erat
318 1502 475 1595 Georgius
502 1499 700 1570 Wshartus
726 1497 838 1569 nobili
864 1497 1027 1593 prosapia
1052 1499 1251 1591 oriundus,
1289 1520 1395 1595 atque
1421 1501 1459 1572 in

157 1599 194 1666 in
223 1598 413 1670 Academia
439 1592 725 1692 Cantabrigiensr
752 1593 840 1666 adeo
867 1597 1054 1689 prosperos
1082 1595 1116 1664 in
1136 1595 1315 1668 literarum
1337 1596 1459 1683 studiis

102 1704 106 1711 ’
155 1692 288 1768 fecerat
307 1691 529 1790 progressus,
555 1713 594 1764 ut
615 1691 802 1790 principiis
820 1715 913 1763 verae
933 1692 1116 1787 religionis
1134 1692 1248 1786 probe
1267 1691 1457 1767 instruam

156 1791 203 1862 A.
227 1814 330 1886 1544·
357 1793 393 1863 in
422 1790 580 1863 Scotiam
610 1788 786 1881 reversus,
821 1787 939 1884 paffim
960 1785 1122 1860 adversus
1141 1792 1359 1887 corruptelas
1377 1789 1458 1863 ubi·

155 1888 488 1985 quegraisantts(c)
507 1886 802 1978 concionaretur,
822 1890 1018 1982 plerunque
1028 1886 1179 1959 Dandeae
1191 1888 1265 1978 (d),
1284 1889 1457 1961 habitans.

155 1984 276 2055 David
303 1987 460 2056 Betonus
487 1986 524 2058 S.
544 1983 699 2057 Andreae
728 1983 927 2150 Episcopus
953 1983 1149 2057 Cardinalis
1174 1983 1209 2055 id
1230 2008 1326 2079 aegre
1345 1983 1459 2059 ferens

156 2082 402 2176 magistratum
431 2080 503 2151 loci
520 2082 624 2150 minis
643 2083 804 2151 adverus
823 2103 956 2153 novum
976 2083 1072 2152 hunc
1091 2083 1382 2154 concionatorem
1402 2081 1459 2158 uti

151 2175 278 2268 jubet,
306 2175 404 2246 srlere
422 2175 536 2264 igitur
555 2176 782 2262 Wishartus,
810 2176 847 2247 &
867 2175 987 2249 turbas
1005 2201 1050 2248 ne
1067 2199 1317 2251 commoveret
1332 2178 1459 2275 jussus,

156 2268 360 2365 respondit,
386 2267 440 2337 uti
460 2285 624 2356 reserat,
650 2319 677 2356 „
696 2268 808 2339 nullas
825 2270 859 2341 se
877 2294 1022 2342 movere
1041 2270 1180 2361 turbas,
1207 2295 1323 2369 neque
1341 2295 1459 2348 tamen

153 2415 181 2456 „
208 2368 298 2438 hanc
316 2363 384 2437 elle
402 2361 521 2434 turbas
538 2363 694 2435 evitandi
713 2364 829 2458 viam,
849 2366 920 2438 Dei
941 2365 1077 2461 legatos
1093 2369 1261 2461 rejicere,
1280 2393 1457 2465 acquam·

152 2512 182 2554 „
208 2465 261 2534 vis
288 2462 372 2534 hinc
398 2458 576 2552 discedat,
613 2461 732 2531 Deum
761 2480 878 2535 tamen
905 2463 991 2535 alios
1011 2461 1191 2533 missurum
1211 2463 1278 2536 esse
1298 2467 1456 2562 legatos,

155 2584 183 2650 ,·,
209 2558 242 2631 se
269 2582 341 2630 non
369 2557 440 2630 fine
467 2560 554 2633 vitae
581 2555 782 2630 discrimine
807 2559 956 2631 verbum
975 2558 1092 2630 salutis
1112 2559 1193 2652 ἱρῆς
1212 2561 1457 2656 annuntiasse,

154 2707 184 2748 „
211 2679 308 2728 nunc
334 2674 454 2729 autem
482 2655 525 2727 ab
552 2651 635 2747 ἱρῆς
659 2655 766 2750 pelli,
794 2657 987 2729 verendum
1007 2655 1075 2728 elle
1094 2679 1137 2726 ne
1157 2654 1219 2728 srbi
1238 2657 1320 2753 ipsis
1339 2659 1404 2733 hac
1420 2683 1462 2733 a·

154 2803 183 2846 „
209 2751 318 2849 gendi
344 2754 481 2824 ratione
507 2750 674 2825 arcellam
692 2752 915 2849 periculum,
943 2752 1039 2849 quod
1058 2752 1157 2824 brevi
1177 2753 1260 2850 ἱρῆς
1278 2754 1457 2830 obventu·

153 2901 182 2944 „
207 2874 287 2924 rum
308 2848 554 2945 praenunciat,
572 2871 704 2944 eosque
721 2868 763 2920 ut
779 2849 864 2922 seria
882 2851 1097 2945 poenitentia
1115 2850 1157 2922 ad
1179 2853 1296 2925 Deum
1315 2853 1348 2926 se
1366 2878 1456 2928 con·

153 2999 182 3040 „
206 2966 369 3040 vertant,
396 2947 606 3035 hortatur„
643 2947 705 3019 Sic
721 2945 837 3116 {gitur
854 2949 1001 3021 Durdrd
1020 2943 1163 3038 relisis,
1184 2969 1299 3044 partes
1319 2950 1456 3025 Scotiae

153 3045 393 3118 occidentales
420 3043 507 3113 adiit
533 3041 650 3137 plures
676 3066 720 3114 na
759 3066 799 3114 us
825 3045 977 3117 asseclas.
1029 3045 1240 3119 Prohibitus
1266 3067 1385 3120 autem
1412 3049 1457 3123 ab

157 3141 443 3238 Arcbiepiscopo
480 3138 731 3237 Glasgoviensr
765 3139 850 3308 Jsohs.
879 3144 1020 3215 Betono
1056 3164 1101 3215 ne
1128 3144 1164 3214 in
1191 3144 1328 3218 aedibus
1353 3145 1458 3218 sactis

1369 3264 1457 3316 cun·¹

197 3431 247 3511 (a)
271 3427 490 3496 BURNET.
519 3425 659 3495 rotam.
740 3498 744 3504 ,

156 3518 249 3658 tedb)
262 3512 558 3659 ίΒΗῼΗΛΝΑΝ
562 3561 570 3578 .
587 3516 597 3575 1
619 3533 648 3577 c.
666 3532 696 3595 ρ.
708 3526 780 3593 531·
798 3509 862 3594 seq.
879 3529 976 3593 quem
994 3513 1116 3596 praecise
1132 3515 1275 3602 deinceps
1292 3537 1328 3584 ac
1341 3511 1458 3587 verbm

209 3616 245 3659 ns
276 3617 294 3658 e
319 3616 434 3659 mmur.

197 3680 248 3756 (c)
272 3677 299 3740 B
345 3676 488 3742 RNET.
513 3681 534 3741 l.
552 3698 582 3743 c.
606 3677 748 3743 sol.182.

198 3762 252 3840 (d)
277 3757 330 3821 Est
356 3780 391 3824 ea
416 3761 487 3824 urbs
504 3761 651 3844 Angusta
671 3762 797 3844 pimarIa
814 3761 851 3825 ad
869 3754 989 3842 Taum,
1012 3765 1076 3828 und
1093 3785 1210 3832 nomen
1227 3769 1317 3833 ararit
1332 3761 1454 3832 Tarda-

156 3867 249 3923 nam,
276 3842 339 3905 srve
363 3841 514 3923 Dandee,
543 3845 614 3926 fita,
637 3846 791 3911 veteribus
807 3845 962 3943 Allediunr
978 3847 1079 3932 drea,
1102 3850 1214 3919 decem
1230 3850 1297 3918 serti
1315 3852 1455 3919 milliari·

156 3932 212 3995 bus
231 3929 247 3993 al
266 3926 292 3991 F
296 3947 357 3992 auo
374 3927 408 3992 S·
426 3926 563 3994 Andrtae
580 3929 682 4013 rulgo
697 3929 744 3996 St.
760 3929 914 3998 Andrews
930 3930 1052 3999 distans.
1362 3951 1365 3960 ·
