3322 4456
180 352 209 444 '„
225 365 319 441 tras,
353 343 390 420 id
414 342 488 437 est,
522 339 713 429 confessor
732 222 983 432 vlrilbltrae,
1008 339 1070 435 qui
1087 338 1137 412 est
1157 340 1319 416 Christus
1337 337 1472 431 radus,

180 447 276 538 „Et
290 444 392 540 super
414 444 500 515 banc
524 440 666 512 Petram
692 460 795 532 quam
822 435 1068 523 corinenses,
1095 436 1218 527 idest,
1244 439 1346 534 super
1364 438 1472 510 Chri·

179 540 337 629 „stum,
373 536 560 609 aedificabo
588 533 783 606 Ecclefiam
812 557 983 623 meam„
1025 531 1120 601 Haec
1146 535 1299 623 Lyranus
1317 534 1359 606 ad
1380 533 1473 605 Ver·

56 650 61 662 ‘
180 633 280 707 bum.
325 634 458 728 Neque
483 633 570 704 alius
597 629 647 702 est
665 629 777 701 sensus
794 629 887 701 illius
904 629 999 714 loci,
1025 629 1108 697 Luc.
1129 648 1186 697 22.
1219 629 1323 700 Fides
1341 630 1472 702 etenim

179 730 301 822 Petri,
339 751 441 824 quam
461 725 634 815 confellus
652 725 725 814 est,
750 748 821 797 non
838 726 933 797 illius
950 723 1055 795 lolius
1073 724 1172 794 Petri
1186 723 1259 812 est,
1286 723 1342 794 sed
1360 726 1473 801 totius

179 822 367 898 Ecclefiae.
409 825 468 896 Sic
496 847 596 895 orans
624 847 689 915 pro
718 821 804 892 Fide
830 822 945 912 illius,
979 817 1095 891 oravit
1121 819 1283 890 Christus
1309 843 1374 913 pro
1401 819 1472 893 fide

180 920 378 1009 Ecclesiae,
405 920 439 991 id
457 920 553 1014 quod
571 918 683 989 solum
703 916 988 988 Fundamentum
1007 912 1079 1002 est,
1101 916 1278 987 tCort'nth.
1299 937 1328 1009 3.
1359 914 1470 1004 Quod

179 1035 297 1108 autem
319 1014 462 1108 addidit
487 1018 570 1087 Luc.
590 1035 647 1084 ιι..
681 1009 730 1084 Tu
753 1013 930 1108 aliquando
947 1007 1137 1104 conversus,
1163 1013 1318 1104 confirma
1336 1013 1473 1084 Fratres

180 1127 276 1195 tuom
315 1111 398 1180 Hoc
425 1111 518 1180 enim
547 1110 584 1181 &
611 1109 654 1178 ad
673 1130 816 1198 omues,
844 1106 941 1179 &ad
963 1105 1117 1200 lingulas
1136 1128 1293 1200 quosque
1312 1105 1473 1197 Fideles,
1585 1109 1589 1117 '

101 1225 106 1231 ·
181 1205 218 1275 in
245 1209 343 1278 Petri
367 1203 535 1301 persona,
571 1204 784 1296 loquebatur
811 1201 987 1275 Christus.
1039 1200 1101 1271 Est
1128 1202 1270 1296 quidem
1296 1199 1472 1274 Officium

182 1297 465 1397 uniuscujt'tsque
480 1299 673 1372 Christiani
693 1299 783 1389 piri,
808 1299 965 1370 Fratrem
986 1294 1124 1367 solicite
1143 1298 1295 1385 docete,
1314 1296 1472 1370 consola·

179 1398 234 1489 ri,
260 1401 463 1492 corripere,
489 1397 564 1470 &m
594 1446 621 1486 „
640 1395 903 1466 Convertamur
919 1395 1032 1489 igitur
1049 1416 1171 1463 omnes
1190 1394 1322 1487 (inquit
1340 1393 1471 1467 ibidem
1596 1413 1600 1423 ’

179 1544 207 1589 „
227 1493 277 1564 D.
296 1495 501 1585 Ambrostus)
531 1493 567 1562 ὃ(
594 1513 800 1580 caveamus,
833 1513 876 1561 ne
903 1489 939 1558 in
966 1488 1224 1582 perditionem,
1251 1489 1365 1582 aliqua
1382 1492 1474 1567 inter

179 1639 208 1684 ‚,
228 1611 292 1659 nos
310 1589 354 1658 de
373 1587 584 1658 Ptaelatione
602 1581 706 1683 possit
724 1584 791 1657 ell‘e
810 1585 1008 1656 contentio.
1044 1583 1135 1653 Item
1151 1585 1258 1678 paulo
1270 1585 1370 1680 post,
1391 1588 1472 1660 Ser·

156 1697 159 1703 ’
179 1735 208 1779 ,,
228 1707 370 1755 monem
389 1683 430 1754 ad
453 1683 571 1753 Deum
591 1701 752 1767 vertens3
783 1681 866 1751 Tua
883 1679 1030 1774 (inquit)
1049 1677 1261 1750 AEdificatio
1279 1683 1472 1775 quaeritur,

179 1831 207 1874 „
226 1801 298 1850 non
316 1778 459 1851 alterius
478 1778 621 1850 Honor.
650 1777 699 1848 Et
715 1778 795 1848 ideo
815 1778 919 1847 datur
935 1799 1004 1848 una
1021 1774 1187 1846 omnibus
1205 1774 1318 1847 forma
1336 1776 1472 1866 senteu-

179 1927 206 1971 „
225 1876 309 1966 tire,
343 1895 383 1947 ut
411 1898 483 1947 non
509 1874 554 1946 de
580 1873 794 1946 Praelatione
819 1870 994 1964 Jadiantia
1020 1869 1084 1963 fit,
1117 1869 1174 1944 sed
1193 1870 1243 1945 'de
1270 1873 1473 1949 humilitate

179 2022 207 2066 „
234 1971 447 2044 Contentio.
490 1969 673 2042 Habienus
691 1970 892 2062 Ambroſsos.

226 2065 351 2156 Quod,
368 2084 485 2138 autem
512 2067 561 2135 ait
589 2064 752 2137 Christus
778 2064 820 2161 ad
847 2068 1009 2155 Petrum,
1043 2069 1147 2137 Etru
1167 2067 1370 2162 Conversus,
1399 2067 1472 2143 dcc.

179 2180 251 2230 non
278 2159 383 2228 sentit
409 2159 452 2228 de
479 2157 601 2229 futuri
628 2156 687 2228 sua
714 2155 914 2246 Potestate,
939 2158 993 2229 sed
1014 2159 1108 2252 quod
1128 2162 1258 2252 modo,
1284 2186 1366 2233 cum
1385 2188 1474 2236 con·

178 2251 295 2326 vetius
314 2251 442 2343 fuerit,
470 2253 506 2324 ὃ(
526 2254 649 2323 Fidem
671 2252 864 2344 receperit,
884 2253 1082 2344 &quidem
1102 2255 1284 2343 celeriter,
1304 2259 1385 2349 quia
1399 2259 1473 2349 pti·
1522 2323 1528 2336 ‚

178 2375 272 2425 mam
300 2349 372 2421 Dei
399 2345 564 2441 sequutus
591 2344 641 2417 est
671 2345 832 2436 Vocem,
867 2353 928 2436 (ut
952 2349 1002 2418 ait
1029 2348 1079 2419 D.
1098 2351 1305 2441 Ambrostus)
1335 2350 1472 2426 studeat

179 2448 268 2520 alios
294 2448 330 2518 in
357 2445 476 2516 eadent
497 2443 586 2514 Fide
604 2440 829 2521 confirmare.
872 2442 914 2514 ld
932 2441 1027 2537 quod
1046 2445 1176 2517 nullius
1194 2444 1387 2518 Christiani
1406 2449 1474 2521 viri

178 2565 252 2613 non
278 2542 329 2613 est
349 2537 530 2630 officium,
557 2558 597 2610 ut
616 2536 822 2632 supradixi.
864 2538 970 2610 Hanc
988 2539 1107 2632 itaque
1127 2541 1335 2614 Dosttinam
1354 2546 1473 2616 omni·

179 2636 245 2708 bus
265 2636 363 2707 dedit
382 2637 418 2704 in
436 2636 581 2730 persona
597 2634 719 2718 Patri3
747 2627 965 2729 potiffimbm
985 2633 1097 2708 Verbi
1116 2637 1425 2713 Praedicatoribus.

159 2816 162 2823 ι
227 2732 320 2804 Non
346 2749 419 2803 erat
447 2731 566 2826 itaque
594 2727 765 2799 Eccleliae
791 2729 947 2802 Potestas
966 2733 1001 2801 in
1021 2729 1170 2804 Persona
1187 2738 1298 2807 Petri.
1341 2733 1471 2832 Abiit,

179 2847 221 2901 ut
238 2828 282 2901 ab
303 2829 454 2900 humana
471 2823 680 2921 Fragilitate
698 2824 847 2918 pendeat
865 2825 998 2900 Christi
1012 2826 1172 2900 Ecclelia
1183 2864 1196 2918 3
1223 2829 1279 2903 sed
1295 2832 1474 2908 cumeffet

179 2928 314 3020 primus
344 2922 628 3020 Apostolorum,
660 2921 824 3010 Ordine,
859 2947 930 2994 noo
958 2922 1158 3017 Potestate,
1193 2948 1342 3045 propter
1368 2930 1472 3004 illum

178 3023 376 3094 Primatum
397 3017 854 3115 (inquitAugustinusJoar.
871 3020 1016 3106 ultimo)
1036 3043 1108 3092 non
1124 3045 1230 3115 vere,
1246 3023 1301 3096 sed
1320 3022 1474 3122 figurata

177 3118 429 3212 generalitate,
457 3113 627 3187 Ecclefiae
648 3113 832 3186 Personam
851 3116 1009 3212 gerebam
1036 3117 1148 3209 Quod
1165 3141 1282 3193 autem
1300 3121 1341 3190 ad
1356 3121 1472 3215 ipsum
1553 3178 1557 3183 -

175 3213 320 3283 Petrum
346 3210 491 3306 proprie
541 3211 672 3282 ettinet
700 3211 842 3302 (inquit
866 3213 1088 3308 Augustinus)
1116 3238 1205 3285 unus
1233 3216 1341 3285 homo
1368 3236 1472 3308 erut,

178 3305 332 3396 Gratia,
367 3329 455 3380 unus
483 3234 541 3380 Cb

175 3403 315 3499 primus
343 3402 624 3498 Apostolorum,
650 3404 721 3484 &a
764 3400 863 3497 Lege
889 3402 1020 3475 ibidem
1041 3427 1121 3498 quae
1141 3402 1333 3500 sequuntur
1350 3408 1386 3479 in
1405 3433 1472 3485 no·
1562 3402 1566 3408 ⁴

177 3498 282 3572 stram
302 3497 530 3589 sententiam,
556 3501 644 3572 adeo
664 3496 870 3595 perspicue,
896 3520 937 3572 ut
955 3499 1042 3571 nihil
1062 3501 1201 3573 clarius.
1240 3504 1379 3576 Primus
1397 3524 1473 3586 etat

176 3594 437 3688 Apostolorum
456 3599 621 3694 primaria
641 3593 815 3691 potestate
834 3597 1017 3691 praeditus.
1050 3596 1163 3671 Erant
1180 3599 1273 3672 enim
1294 3600 1473 3677 Potestate

178 3692 342 3787 aequales.

782 3785 819 3861 V
849 3808 865 3882 ι

546 3304 705 3378 rillianus
731 3304 985 3379 abundantiore
1013 3307 1164 3396 Gratia,
1197 3326 1288 3381 unut
1307 3310 1473 3408 idemque
1575 3354 1580 3361 ·
