3322 4456
772 339 903 438 (1⁶5·)

184 491 258 550 tem
285 472 371 546 huic
397 489 478 541 cum
507 465 632 538 divino
659 485 805 537 munere
830 463 1000 538 sublatam
1024 460 1091 536 effe
1109 462 1331 558 manifestum
1349 465 1422 560 est,
1447 463 1488 542 dt

186 593 231 644 ne
249 569 335 666 quid
353 562 564 662 supereffet,
591 585 662 656 quo
681 584 754 633 non
773 560 875 655 piane
894 558 1039 632 stodiam
1061 559 1154 634 iilius
1172 562 1246 634 vim
1265 563 1332 637 effe
1346 563 1485 638 consta·

184 686 262 757 ret,
288 667 383 762 leges
400 684 544 753 omnes,
562 659 724 750 decreta,
744 677 851 754 atque
869 657 1053 748 instituta,
1072 680 1153 753 quae
1171 656 1215 729 ab
1232 658 1375 734 au8tore
1393 659 1484 757 Epi·

184 761 295 859 scopo
329 764 497 834 Romano
534 753 695 853 profedh
727 753 836 847 sunt,
879 753 1020 851 prorsus
1045 754 1248 851 abroganda
1274 758 1485 831 censuimus.

184 859 354 952 Quorum
382 858 466 928 loco
493 874 533 924 ut
552 851 691 924 facilius
709 851 927 945 inposterum
949 852 1021 924 Dei
1040 852 1186 946 Optimi
1204 854 1349 924 maximi
1369 855 1486 947 gloria

185 954 399 1039 illustretur,
421 952 471 1024 ἃ
496 973 577 1021 vera
603 947 829 1044 philosophia
856 947 1065 1040 christiana,
1100 970 1321 1044 regnumque
1348 948 1484 1022 Christi
1626 1023 1629 1028 ,

184 1053 308 1147 vigete
334 1046 459 1148 poffit,
495 1046 531 1119 &
560 1068 632 1141 quo
660 1045 779 1117 omnia
802 1044 971 1118 decenter
997 1047 1035 1118 &
1062 1044 1186 1117 ordine
1208 1047 1243 1116 in
1263 1044 1398 1118 Christi
1417 1046 1483 1123 hac

183 1144 332 1221 ecclesia
349 1164 539 1242 gerantur5
557 1165 601 1212 en
619 1141 724 1215 vobis
740 1139 950 1216 audioritate
965 1140 1082 1214 nostra
1091 1140 1202 1213 editas
1213 1144 1329 1239 Leges
1340 1142 1484 1232 damus,

210 1267 313 1335 uas-a
338 1241 440 1315 vobis
467 1238 632 1312 omnibus
658 1237 807 1336 suspici,
842 1240 938 1332 coli,
974 1241 1011 1313 δι
1037 1237 1213 1312 observari
1231 1242 1419 1331 volumus,
1445 1239 1484 1314 ὅ(

183 1266 247 1414 iub
274 1338 405 1412 nostrae
432 1336 687 1433 indignationis
712 1359 821 1431 poena
846 1334 1075 1428 mandamus,
1108 1354 1151 1408 ut
1177 1333 1289 1408 vestra
1307 1336 1343 1407 in
1361 1336 1483 1410 Deum
1535 1337 1537 1340 ’

182 1440 319 1535 pietas,
354 1457 453 1506 amor
468 1455 562 1526 verga
590 1433 764 1527 patriam,
793 1432 1066 1528 principemque
1084 1430 1238 1504 vestrum
1258 1432 1482 1527 obedientia,

182 1557 256 1606 non
286 1532 357 1603 fine
382 1527 550 1602 immensa
578 1529 692 1600 divini
719 1530 872 1601 nominis
890 1531 1006 1624 gioria
1024 1528 1190 1600 omnibus
1207 1527 1398 1625 conspicua
1417 1528 1484 1625 fit,

183 1653 226 1702 ac
255 1625 489 1723 vosmetipsos
506 1647 578 1695 non
596 1626 712 1697 minus
729 1626 773 1698 de
792 1623 914 1698 vestris
931 1624 1128 1698 rationibus
1146 1623 1304 1698 solicitos
1320 1624 1482 1701 ostenda·

182 1727 251 1816 tis,
285 1746 390 1821 quam
418 1745 489 1820 ego
506 1720 619 1795 vestra
644 1720 744 1795 causa
768 1721 813 1794 de
830 1719 954 1794 officio
972 1720 1099 1794 fuerim
1120 1744 1224 1808 me03
1254 1721 1369 1794 stride
1388 1748 1483 1819 prae·

180 1824 376 1919 cipienter,
410 1841 452 1894 ut
479 1819 533 1892 his
558 1818 686 1892 nostris
710 1817 1027 1893 constitutionibus
1052 1841 1117 1891 vos
1142 1843 1266 1892 omnes
1291 1821 1332 1894 ⁴&
1352 1818 1482 1917 finguli

182 1939 255 1993 tam
283 1921 319 1994 in
341 1917 487 2015 judiciis
505 1940 610 2011 quam
630 1919 666 1989 in
684 1915 876 2014 gymnafiis
895 1917 1069 2002 utamini;
1096 1915 1213 1989 severe
1231 1917 1483 2014 prohibentes,

184 2039 230 2087 ne
256 2018 440 2112 quisquam
470 2012 625 2085 velitum
645 2011 750 2106 alias,
775 2033 907 2110 praeter
925 2013 986 2088 ha's
1002 2014 1042 2088 ’δι
1060 2015 1162 2110 regni
1180 2014 1290 2088 nostri
1308 2016 1404 2114 leges
1421 2016 1483 2093 ad·

183 2112 329 2181 mittere
347 2109 548 2203 praesumat.
598 2108 740 2181 Valere.
763 2136 770 2144 ·

651 2352 769 2426 Num.
795 2352 1004 2427 XXXII.

389 2503 541 2595 Annae
576 2488 942 2618 BOLENIAE,
997 2500 1197 2634 Reginae
1225 2494 1275 2590 (ἢ)

642 2638 809 2730 Literae
842 2632 1020 2730 ultimae
1192 2669 1200 2685 ·

539 2784 598 2887 ad
622 2790 809 2923 Regem
834 2790 1115 2887 Henrieum.

229 2947 401 3023 Domine.

180 3090 462 3264 MAj-estatis
488 3087 585 3161 Tuae
612 3085 761 3178 offensio
785 3089 828 3163 ¹&
852 3113 928 3163 mea
956 3091 992 3160 in
1019 3113 1160 3163 carcere
1176 3087 1358 3181 detentio,
1388 3091 1477 3171 adeo

309 3186 461 3260 insolitae
481 3186 570 3258 mihi
589 3183 668 3257 sunt
687 3208 761 3278 res,
789 3206 830 3256 ut
849 3184 935 3278 quid
955 3185 1128 3278 scribere,
1146 3207 1207 3258 aut
1225 3185 1408 3280 quomodo
1420 3213 1478 3265 me

179 3279 346 3354 excusare
370 3281 540 3372 debeam,
567 3281 744 3377 ignorem.
787 3279 1091 3372 Quandoquidem
1112 3283 1154 3352 ad
1174 3305 1230 3352 me
1248 3283 1360 3352 mittis
1378 3306 1478 3358 man·

178 3377 301 3450 datum
329 3384 387 3471 (ut
412 3380 601 3452 veritatem
628 3376 759 3465 fatear,
787 3376 824 3449 δε
845 3374 891 3448 fic
910 3378 1061 3472 gratiam
1080 3377 1173 3470 apud
1193 3379 1251 3450 Te
1270 3378 1474 3472 impetrem)

176 3498 243 3574 per
269 3473 398 3565 talem,
426 3499 533 3572 quem
549 3478 709 3570 juratum
730 3474 866 3546 hostem
886 3497 1001 3546 meum
1021 3471 1089 3545 effe
1107 3472 1213 3545 nhsii.
1257 3473 1333 3545 Vix
1352 3478 1477 3574 accepi

177 3572 345 3644 nuntium
371 3572 415 3644 ab
434 3596 501 3659 eo,
530 3574 616 3668 quin
635 3593 790 3645 mentem
811 3574 930 3644 Tuam
951 3571 1091 3643 abunde
1111 3573 1352 3666 perceperim3
1406 3573 1477 3648 uaii

178 3667 388 3742 confitendo
402 3671 608 3758 veritatem,
628 3671 774 3743 salutem
790 3689 895 3764 atque
910 3668 1109 3741 libertatem
1126 3671 1315 3766 impetrare
1329 3599 1477 3766 podem,

176 3763 333 3862 ideoque
351 3764 478 3862 sponte
496 3768 701 3840 mandatum
721 3771 848 3840 Tuum
867 3789 1073 3864 exequerer.

754 3863 872 3962 .X3
1395 3861 1476 3937 Ne-

218 3942 357 4054 (a).vid.
379 3933 597 4053 BURNET.
621 3973 823 4044 Documeot.
843 3975 883 4042 a'd
906 3975 980 4043 Lib.
998 3976 1060 4043 111.
1084 3973 1192 4042 Num.
1209 3974 1273 4041 IV.
1295 3971 1426 4042 f01.88.
