3322 4456
761 242 869 342 (ro)

697 505 817 582 Num.
844 507 924 582 IX.

414 671 571 774 Defid.
610 679 869 772 ERASMI
905 669 1112 811 Epistola
1148 673 1208 774 ad
1265 659 1268 664 ’

468 820 697 924 Carolum
736 817 1075 923 Utenhoviutn
1105 822 1156 911 (a)

449 980 507 1078 de
532 982 769 1114 Martyrio
803 977 922 1079 Lud.
960 975 1179 1115 Berqur'ni
1221 1061 1224 1065 ,

690 1143 798 1218 Anno
826 1167 932 1241 1529.

275 1338 414 1437 rignum
434 1337 537 1412 nobis
555 1337 832 1413 sollicitudinem
849 1339 1007 1430 exemit,
1027 1340 1227 1432 rniCaroie,
1247 1340 1309 1437 qui
1327 1358 1464 1416 tenun-

289 1440 399 1511 cinvit
423 1438 640 1511 iucoiurnem
661 1436 858 1533 pervenisse
874 1440 1081 1511 Patavium.
1125 1437 1225 1510 Nam
1245 1461 1289 1509 ex
1309 1462 1382 1534 quo
1399 1438 1465 1513 nor

160 1535 355 1630 reliquisti,
375 1556 483 1608 nemo
502 1534 640 1608 literam
660 1535 720 1609 abs
738 1556 775 1609 te
793 1535 971 1627 reddidit,
992 1533 1107 1607 nihilo
1125 1533 1464 1631 p‘lustebridrvio.

160 1631 404 1730 Expeiiamus
431 1655 468 1708 te
495 1633 644 1729 posthac
672 1633 709 1708 ὃ(
733 1632 886 1729 pulchre
905 1636 1178 1726 Ciceronianam,
1204 1634 1241 1708 δι
1259 1631 1351 1708 bene
1368 1636 1467 1708 Gre-

157 1756 241 1805 cum.
266 1732 344 1824 Jarn
365 1755 439 1829 quo
457 1735 573 1805 minus
593 1751 628 1804 te
647 1734 825 1827 poenitent
844 1731 943 1805 istius
961 1727 1218 1828 profestionis,
1236 1753 1302 1804 nos
1319 1731 1361 1804 nd
1379 1729 1467 1807 ldur

158 1830 302 1922 Apriles
329 1832 399 1904 tori
427 1830 745 1925 commigravimus
772 1832 986 1941 Friiurgum.
1030 1829 1085 1903 Ea
1110 1852 1163 1902 res
1180 1826 1276 1903 ceffit
1294 1829 1469 1924 opinione

158 1927 312 2001 felicius.
347 1928 447 2001 Mihi
467 1928 644 2024 cogitanti
664 1925 834 2020 quorsum
852 1929 963 2001 essent
980 1926 1123 2000 evasura
1142 1927 1203 1999 ilia
1219 1950 1335 2001 rerum
1356 1925 1470 2001 indier

157 2045 370 2098 notatarum
396 2028 599 2115 prooemia,
625 2023 716 2097 nihil
735 2023 809 2097 laeti
831 2023 1063 2121 praesngiebat
1082 2026 1219 2097 animus
1228 2056 1242 2110 ς
1269 2025 1307 2098 ὃ(
1328 2026 1388 2098 hic
1407 2023 1468 2099 os·

158 2116 262 2187 feudi·
284 2119 421 2191 coelunt
442 2119 534 2189 miri
552 2121 707 2188 amicum
726 2144 816 2188 mere
835 2121 1046 2193 valetudini.
1089 2119 1302 2215 Postremo,
1329 2120 1468 2198 finihil

158 2213 278 2304 aliud,
304 2208 520 2310 effugimus,
548 2215 700 2307 opinor,
727 2214 940 2288 Carcinos&
958 2217 1209 2312 Planodorpirs.

205 2313 393 2389 ladovicus
402 2313 590 2409 Berquinrrs
600 2310 775 2406 proximis
785 2309 944 2407 ipfiusad
954 2334 1012 2385 me
1022 2312 1133 2386 literis
1142 2309 1367 2411 promiserat3
1382 2313 1467 2390 aliar

158 2409 203 2481 ad
220 2432 256 2483 te
274 2409 504 2506 scripturum.
531 2409 600 2482 Eas
613 2410 731 2481 literas
741 2407 787 2481 ni
797 2407 1119 2506 frustrnexpeiies:
1147 2435 1226 2483 nam
1236 2410 1380 2484 decimo
1391 2411 1467 2485 Ca·

159 2505 254 2579 send.
272 2508 390 2601 Majar
410 2509 521 2582 vitam
539 2526 659 2581 morte
674 2508 941 2600 commutavit,
961 2505 1105 2581 exustus
1114 2511 1261 2582 Luteriae
1270 2507 1306 2580 in
1316 2510 1466 2584 Gravia.

159 2603 221 2677 De
237 2603 338 2675 causa
353 2605 445 2676 nihii
465 2607 555 2678 certi
573 2603 742 2677 haiienur
759 2608 865 2701 potui
884 2605 1114 2704 cognoscere.
1159 2607 1322 2679 Tantum
1342 2606 1467 2683 rudivi

153 2700 177 2795 J
181 2700 347 2776 udicibue
364 2701 557 2777 duodecim
573 2702 652 2776 dele
681 2723 774 2775 utum
795 2702 1054 2802 pronunciandi
1064 2705 1308 2777 autoritatem.
1334 2704 1467 2798 Quum

156 2799 304 2873 instaret
321 2800 418 2889 dies,
437 2800 622 2873 hominem
657 2797 743 2873 uisse
761 2801 932 2875 traditum
950 2801 1097 2875 carceri.
1124 2800 1211 2874 Hoc
1230 2825 1355 2896 parurn
1374 2801 1465 2878 felix

154 2900 362 3068 augurium.
388 2899 673 2973 Pronunciatum
691 2895 764 2990 est,
783 2919 823 2974 ut
841 2898 973 2974 exustis
991 2899 1121 2975 libeliis
1138 2901 1176 2975 ὃ(
1190 2898 1360 2999 abjuratis
1376 2900 1465 2976 arti-

156 2999 270 3090 cuis,
304 2997 429 3094 lingua
453 2995 507 3068 illi
533 2994 628 3068 ferro
648 2995 916 3092 perfoderetur,
945 3020 1032 3070 mox
1051 3016 1228 3168 perpetuo
1246 2999 1381 3073 carceri
1399 2999 1464 3074 de..

156 3091 313 3169 deretur.
340 3096 374 3168 le
393 3093 515 3167 auditi
533 3112 667 3188 praeter
682 3093 971 3188 expediationem
981 3097 1094 3170 atroci
1118 3098 1291 3169 enterttii.
1316 3100 1463 3192 Regem

156 3189 351 3281 appellarit
363 3191 399 3265 ὃ(
412 3190 644 3265 Pontificem.
668 3190 812 3282 Judices
831 3191 979 3290 indigni
998 3191 1150 3265 ferentes
1166 3193 1461 3287 appellandiver·

83 3372 86 3377 Ι
155 3282 268 3356 bum:
304 3287 343 3359 Si
371 3311 442 3361 non
469 3291 623 3385 recipis,
656 3286 846 3381 inquiunt,
871 3288 963 3360 hanc
980 3287 1213 3378 sententiam,
1238 3288 1460 3386 efficiemur,

155 3377 202 3453 ni
229 3379 378 3476 posthac
397 3382 578 3484 quoquam
596 3383 774 3484 appelles;
801 3385 840 3459 &
859 3382 1031 3481 postridie
1051 3386 1338 3480 pronunciirunt
1355 3389 1460 3465 illum

156 3478 543 3560 flammirtradendurn.
570 3486 710 3582 Ajunt,
727 3483 884 3580 primurn
895 3482 1087 3558 articulum
1098 3481 1219 3579 saise,
1238 3483 1461 3585 quddscripo

767 3579 807 3655 G
832 3602 855 3653 2
910 3650 915 3660 ,
1344 3572 1463 3684 ¹iisset,

41 3705 47 3709 ’
197 3722 247 3801 (a)
273 3720 406 3805 Legitur
421 3723 487 3789 haec
501 3720 940 3809 inVolumineEpistoirtum
951 3723 1148 3795 ERASMI.
1171 3728 1251 3794 Vol.
1263 3730 1307 3797 11.
1323 3752 1353 3814 p.
1366 3724 1460 3798 1206.

157 3803 247 3888 seqq.
272 3805 309 3870 N
314 3828 380 3907 um:
390 3805 515 3873 Mox.
535 3810 608 3875 edit.
624 3811 738 3876 noriii.
754 3826 851 3896 atque
865 3811 899 3879 in
914 3809 1062 3882 Editione
1078 3810 1271 3881 Londinenst
1286 3832 1356 3900 pag.
1366 3826 1459 3896 ηπ.

155 3889 311 3958 -teiin
336 3891 410 3959 Lib.
428 3912 518 3960 xxtr.
540 3890 602 3979 Ep.
619 3911 652 3976 4.
