3322 4456
143 437 207 535 qui
231 432 324 511 solus
351 452 418 527 pro
445 424 610 502 fidelibus
635 422 825 518 satisfecit,
860 422 989 521 quibus
1007 442 1156 522 peccata
1172 449 1245 501 non
1264 425 1442 523 imputasti

144 553 226 625 tur,
260 524 558 626 quemadmodum
578 523 770 597 incredulis
786 545 894 619 atque
910 523 1083 617 reprobis.
1433 554 1439 565 ·

143 628 296 761 conspe-q
324 624 514 698 Credimus
538 618 826 695 resuttediionem
853 621 967 693 carnis
992 616 1257 692 benedidictum
1280 621 1371 711 Dei,
1396 616 1442 693 ad

144 696 269 748 mm·
324 717 564 816 poffidendum
592 741 744 814 regnum
771 715 911 791 caeleste
937 717 973 787 in
1001 736 1199 786 aeternum:
1236 714 1442 789 maledidio·

144 845 223 896 rum
243 815 330 891 veri>
353 819 446 908 Dei,
473 815 515 887 ad
535 809 653 911 ignem
674 815 927 888 &cruciatum
948 832 1183 908 perpetuum,
1200 811 1260 881 ubi
1279 818 1346 884 erit
1364 815 1445 907 plo·

144 939 263 1007 ratus,
289 916 361 988 &o
388 913 579 1011 Credimus
596 915 681 983 item
701 910 832 983 animas
849 909 917 982 esse
934 910 1173 983 immortales:
1202 907 1360 980 fidelium
1380 933 1441 981 au·

145 1032 219 1087 tem
238 1034 279 1084 ac
297 1009 455 1083 filiorum
477 1008 549 1081 Dei
568 1011 699 1080 animas
716 1009 980 1103 quamprimum
1000 1031 1045 1078 ex
1063 1006 1134 1078 hoc
1149 1009 1442 1102 corporemigtaq

146 1129 252 1198 runt,
278 1109 320 1179 ad
347 1108 498 1201 gloriam
519 1103 695 1177 caelestem
715 1102 882 1195 tranfire,
907 1105 1031 1199 inqua
1051 1103 1230 1175 Dominus
1249 1102 1366 1179 noller
1382 1103 1443 1194 Je-

146 1205 202 1280 sus
222 1202 385 1278 Christus
403 1202 552 1293 residet,
579 1203 667 1275 certi
684 1201 780 1275 enim
799 1200 915 1274 sumus
933 1196 1017 1274 clam
1037 1199 1115 1271 haec
1133 1197 1261 1271 nostrae
1278 1223 1443 1271 commo·

146 1302 292 1378 rationis
315 1301 352 1372 in
371 1319 464 1373 terra
480 1299 606 1371 domus
622 1295 798 1373 destructa
815 1298 947 1391 fuerit,
973 1295 1098 1369 restare
1115 1296 1368 1369 habitationem
1386 1297 1442 1369 di·

145 1402 289 1489 vinnm,
323 1421 363 1469 ac
392 1398 540 1470 domum
570 1416 738 1469 aeternam
764 1396 801 1468 in
818 1395 938 1487 ctelis,
964 1417 1135 1490 quaenon
1155 1393 1204 1466 est
1224 1391 1314 1467 fabia
1330 1395 1444 1465 mani·

143 1494 224 1572 bus.
267 1492 474 1567 lnfidelium
494 1490 580 1564 verb
602 1516 642 1563 ac
661 1493 896 1588 reproborum
917 1495 1065 1582 auimae,
1091 1486 1174 1562 citm
1194 1486 1446 1586 &corporibus

145 1590 353 1683 discedunt,
388 1591 431 1663 ad
459 1589 653 1663 inferorum
680 1590 858 1662 cruciatus
885 1587 918 1661 se
945 1587 1145 1661 conferunt·
1161 1611 1270 1681 usque
1290 1589 1332 1660 ad
1349 1588 1444 1663 diem

140 1689 274 1789 judicii
301 1688 340 1763 ὃς
367 1686 629 1761 resurreffionis
656 1687 792 1778 camis,
818 1706 859 1759 ut
878 1685 928 1757 ibi
948 1708 1102 1781 corpore
1121 1685 1157 1760 ὃ(
1176 1686 1344 1759 animuin
1363 1708 1444 1782 petr

144 1808 294 1886 petuum
316 1804 550 1897 torqueantur
566 1785 603 1856 in
620 1784 783 1881 gehenna
802 1783 894 1882 ignis
912 1779 1112 1854 inextindli.

142 1886 181 1936 ⁰0
194 1885 263 2018 viu]
292 1882 481 1957 Credamus
496 1884 607 1956 viram
626 1901 816 1973 aeternam,
843 1881 945 1954 nobis
963 1880 1078 1977 gratia
1099 1878 1169 1951 Dei
1187 1902 1251 1973 per
1260 1876 1445 1957 Christum

143 1965 240 2004 ’Μ
289 1979 469 2071 oblatam,
501 1980 565 2077 qui
591 1976 674 2050 vere
700 1980 773 2052 vita
796 1979 871 2071 eli,
901 2003 942 2052 ac
966 1998 1117 2049 mortem
1138 1976 1318 2071 confecit,
1343 1999 1384 2052 ut
1401 1978 1447 2054 fi·

144 2077 239 2151 deles
265 2076 351 2148 vitae
379 2097 523 2149 aeternae
552 2074 707 2146 baercdes
734 2074 844 2165 fiant,
878 2099 958 2146 nam
979 2093 1160 2168 quotquot
1178 2076 1214 2145 in
1233 2071 1345 2170 ipsum
1366 2101 1448 2153 cre-r

144 2173 260 2260 dunt,
296 2167 333 2242 &
359 2171 522 2244 mandata
540 2173 616 2265 ejus
634 2168 796 2260 servant,
820 2192 999 2260 nunquam
1020 2171 1236 2242 morientur:
1264 2194 1378 2268 neque
1395 2172 1447 2248 est

144 2268 216 2341 ulla
235 2265 487 2340 condemnatio
506 2267 547 2337 iis
565 2266 626 2360 qui
645 2263 725 2337 sunt
744 2266 779 2336 in
797 2262 877 2358 Jesu
897 2263 1067 2355 Christo,
1086 2264 1147 2359 qui
1166 2290 1239 2337 non
1256 2291 1299 2339 ex
1319 2290 1446 2364 came,

143 2363 202 2438 sed
229 2387 275 2438 ex
304 2363 443 2458 Spiritu
472 2361 673 2433 ambulant:
703 2362 728 2431 ii
747 2385 819 2433 non
837 2360 987 2434 subeunt
1006 2381 1165 2451 reatum,
1192 2361 1249 2435 sed
1266 2365 1448 2441 transeunt

145 2459 167 2534 a
185 2480 303 2535 morte
319 2459 362 2532 ad
381 2461 504 2533 vitam.
530 2457 608 2550 Qui
626 2457 721 2529 enim
740 2459 855 2532 credit
874 2460 909 2530 in
926 2457 1045 2552 Jesum
1066 2458 1250 2532 Christum
1269 2484 1340 2531 non
1356 2486 1448 2537 con·

144 2556 390 2632 demnabitur:
418 2558 478 2651 qui
498 2553 585 2628 verb
605 2577 677 2626 non
695 2555 812 2629 credit
826 2557 899 2650 jam
918 2555 1173 2629 condemnatus
1190 2555 1253 2630 est.
1279 2557 1353 2631 Hae
1366 2558 1451 2637 sunt

144 2657 227 2729 duae
255 2661 356 2750 (quas
375 2655 478 2726 nobis
495 2652 544 2724 ob
562 2653 688 2725 oculos
706 2653 892 2747 Scriptura
910 2654 1028 2748 ponit)
1048 2654 1139 2743 viar,
1166 2677 1232 2726 nec
1251 2655 1359 2729 ullam
1378 2682 1451 2739 tto«,

144 2754 262 2825 vimus
282 2752 446 2824 tertiam:
480 2772 627 2845 quarum
648 2749 756 2822 altera
773 2751 889 2845 ampla
908 2750 1052 2846 quidem
1072 2749 1122 2822 est
1141 2751 1177 2824 ὃ(
1196 2750 1366 2846 spatiosa,
1392 2776 1449 2829 at·

144 2873 215 2949 que
232 2872 273 2921 ea
291 2847 394 2920 ducit
410 2846 455 2919 ad
472 2848 680 2939 interitum,
707 2872 811 2943 quam
830 2869 958 2942 magna
976 2847 1174 2920 multitudo
1192 2849 1228 2922 δι
1249 2849 1448 2943 frequentia

142 2947 332 3024 hominum
363 2943 542 3018 celebrat:
576 2944 685 3018 altera
713 2940 799 3017 verb
824 2943 941 3038 areta,
966 2968 1047 3043 quae
1065 2944 1167 3034 ducit
1184 2946 1227 3019 ad
1247 2949 1380 3044 vitam,
1405 2974 1449 3026 ac

142 3046 251 3142 pauci
270 3042 464 3117 admodum
484 3064 638 3136 peream
660 3042 923 3140 ingrediuntur.

141 3146 180 3194 ¹³0
198 3140 263 3271 Ba·]
288 3141 480 3215 Credimus
498 3140 536 3214 &
554 3138 794 3232 confitemur,
815 3141 1014 3212 Dominum
1036 3138 1194 3213 nostrum
1208 3140 1326 3234 Jesum
1339 3145 1448 3220 Chri·

142 3210 241 3270 ‘m‘
291 3236 381 3307 sttlm
413 3235 548 3308 abolita
573 3235 849 3323 Circuncilioue
873 3235 1060 3307 instituilie
1086 3238 1341 3332 baptismum,
1383 3266 1449 3339 per

144 3352 251 3426 quem
272 3329 307 3401 in
328 3332 455 3427 populi
474 3331 546 3403 Dei
567 3329 765 3404 Ecclesiam
783 3332 998 3425 recipimur,
1024 3353 1065 3403 ut
1084 3333 1249 3405 Domino
1265 3337 1449 3413 consecre-

144 3451 249 3518 mur,
287 3428 323 3501 &
350 3426 577 3527 segregemur
597 3429 641 3501 ab
659 3429 733 3501 aliis
753 3427 918 3501 omnibus
937 3431 999 3523 qui
1018 3430 1127 3502 varias
1145 3431 1182 3504 bt
1200 3429 1348 3507 diversas
1366 3438 1449 3509 reli.

143 3529 269 3623 giones
289 3523 436 3600 colunt:
464 3549 545 3623 quae
565 3545 652 3601 nota
669 3526 720 3600 est
739 3525 776 3598 ἃ
796 3522 934 3621 iignum
955 3522 1108 3596 vilibile.
1140 3527 1344 3622 Baptismus
1360 3532 1451 3609 reti>

143 3622 323 3712 exterior,
349 3619 458 3693 alium
478 3646 623 3721 quoque
643 3624 848 3697 interiorem
868 3623 971 3697 nobis
990 3620 1157 3716 exbibet,
1182 3630 1332 3724 gratiam
1353 3630 1448 3703 scili·

145 3736 204 3790 cet
222 3717 318 3806 Dei,
345 3739 425 3811 quae
445 3722 543 3791 cerni
555 3723 616 3839 'pis
635 3723 750 3795 oculis
767 3743 840 3792 non
858 3719 999 3814 potest,
1019 3720 1056 3794 ὃς
1075 3718 1358 3798 benevolentiam
1378 3750 1454 3821 qua

144 3839 209 3890 nos
235 3813 461 3916 prosequitur
488 3838 636 3915 propter
661 3817 798 3988 Jelqu(1
809 3815 1019 3914 Christum,
1052 3819 1113 3919 qui
1137 3844 1202 3895 nos
1226 3819 1289 3897 suo
1311 3824 1451 3916 Spiritu

828 3935 845 4013 3
952 4008 956 4019 Ι
1330 3919 1451 4018 bapti-
