<?xml version="1.0" encoding="UTF-8"?>
<!DOCTYPE html PUBLIC "-//W3C//DTD XHTML 1.0 Transitional//EN"
    "http://www.w3.org/TR/xhtml1/DTD/xhtml1-transitional.dtd">
<html xmlns="http://www.w3.org/1999/xhtml" xml:lang="en" lang="en">
 <head>
  <title>
</title>
<meta http-equiv="Content-Type" content="text/html;charset=utf-8" />
  <meta name='ocr-system' content='tesseract 3.04.00' />
  <meta name='ocr-capabilities' content='ocr_page ocr_carea ocr_par ocr_line ocrx_word'/>
</head>
<body>
  <div class='ocr_page' id='page_1' title='image "./introductioinhi02gerdgoog_0320.png"; bbox 0 0 3322 4456; ppageno 0'>
   <div class='ocr_carea' id='block_1_1' title="bbox 153 294 1457 418">
    <p class='ocr_par' dir='ltr' id='par_1_1' title="bbox 153 294 1457 418">
     <span class='ocr_line' id='line_1_1' title="bbox 153 294 1457 418; baseline -0.005 -32"><span class='ocrx_word' id='word_1_1' title='bbox 153 325 322 418; x_wconf 54' lang='lat' dir='ltr'>ama</span> <span class='ocrx_word' id='word_1_2' title='bbox 480 294 1120 385; x_wconf 76' lang='lat' dir='ltr'>uuuovast</span> <span class='ocrx_word' id='word_1_3' title='bbox 1389 320 1457 391; x_wconf 65' lang='grc' dir='ltr'>ιω</span> 
     </span>
    </p>
   </div>
   <div class='ocr_carea' id='block_1_2' title="bbox 151 428 1565 2651">
    <p class='ocr_par' dir='ltr' id='par_1_2' title="bbox 151 428 1565 2651">
     <span class='ocr_line' id='line_1_2' title="bbox 153 428 1459 527; baseline -0.016 -8"><span class='ocrx_word' id='word_1_4' title='bbox 153 444 247 520; x_wconf 76' lang='lat' dir='ltr'>sioni</span> <span class='ocrx_word' id='word_1_5' title='bbox 273 435 461 515; x_wconf 86' lang='lat' dir='ltr'>Cranmeri</span> <span class='ocrx_word' id='word_1_6' title='bbox 478 434 600 506; x_wconf 88' lang='lat' dir='ltr'>datum</span> <span class='ocrx_word' id='word_1_7' title='bbox 620 428 704 504; x_wconf 88' lang='lat' dir='ltr'>fuit.</span> <span class='ocrx_word' id='word_1_8' title='bbox 729 429 857 504; x_wconf 85' lang='lat' dir='ltr'>·Nihii</span> <span class='ocrx_word' id='word_1_9' title='bbox 874 428 1009 501; x_wconf 87' lang='lat' dir='ltr'>scilicet</span> <span class='ocrx_word' id='word_1_10' title='bbox 1026 448 1122 521; x_wconf 87' lang='lat' dir='ltr'>erat,</span> <span class='ocrx_word' id='word_1_11' title='bbox 1149 430 1246 527; x_wconf 91' lang='lat' dir='ltr'>quod</span> <span class='ocrx_word' id='word_1_12' title='bbox 1263 428 1459 508; x_wconf 82' lang='lat' dir='ltr'>Reforma-</span> 
     </span>
     <span class='ocr_line' id='line_1_3' title="bbox 153 525 1458 629; baseline -0.008 -13"><span class='ocrx_word' id='word_1_13' title='bbox 153 542 247 618; x_wconf 92' lang='lat' dir='ltr'>tioni</span> <span class='ocrx_word' id='word_1_14' title='bbox 263 533 405 613; x_wconf 75' lang='lat' dir='ltr'>tanturn</span> <span class='ocrx_word' id='word_1_15' title='bbox 424 556 498 606; x_wconf 93' lang='lat' dir='ltr'>non</span> <span class='ocrx_word' id='word_1_16' title='bbox 514 550 712 619; x_wconf 83' lang='lat' dir='ltr'>emortuae,</span> <span class='ocrx_word' id='word_1_17' title='bbox 730 531 839 600; x_wconf 88' lang='lat' dir='ltr'>vitam</span> <span class='ocrx_word' id='word_1_18' title='bbox 858 528 1003 601; x_wconf 86' lang='lat' dir='ltr'>reddere</span> <span class='ocrx_word' id='word_1_19' title='bbox 1023 525 1119 620; x_wconf 82' lang='lat' dir='ltr'>poffe</span> <span class='ocrx_word' id='word_1_20' title='bbox 1133 530 1343 626; x_wconf 83' lang='lat' dir='ltr'>videbatur,</span> <span class='ocrx_word' id='word_1_21' title='bbox 1360 557 1458 629; x_wconf 81' lang='lat' dir='ltr'>prae·</span> 
     </span>
     <span class='ocr_line' id='line_1_4' title="bbox 154 621 1460 737; baseline -0.008 -23"><span class='ocrx_word' id='word_1_22' title='bbox 154 661 315 737; x_wconf 81' lang='lat' dir='ltr'>cerquam</span> <span class='ocrx_word' id='word_1_23' title='bbox 345 634 434 706; x_wconf 84' lang='lat' dir='ltr'>iiber</span> <span class='ocrx_word' id='word_1_24' title='bbox 463 628 730 723; x_wconf 79' lang='lat' dir='ltr'>scripturarum</span> <span class='ocrx_word' id='word_1_25' title='bbox 760 624 852 698; x_wconf 82' lang='lat' dir='ltr'>usus.</span> <span class='ocrx_word' id='word_1_26' title='bbox 910 621 1072 696; x_wconf 77' lang='lat' dir='ltr'>Tametsi</span> <span class='ocrx_word' id='word_1_27' title='bbox 1098 627 1191 698; x_wconf 90' lang='lat' dir='ltr'>enim</span> <span class='ocrx_word' id='word_1_28' title='bbox 1221 630 1338 703; x_wconf 80' lang='lat' dir='ltr'>Biblia</span> <span class='ocrx_word' id='word_1_29' title='bbox 1364 654 1460 704; x_wconf 87' lang='lat' dir='ltr'>anno</span> 
     </span>
     <span class='ocr_line' id='line_1_5' title="bbox 154 721 1460 832; baseline -0.006 -19"><span class='ocrx_word' id='word_1_30' title='bbox 154 737 336 832; x_wconf 82' lang='lat' dir='ltr'>superiore</span> <span class='ocrx_word' id='word_1_31' title='bbox 367 725 485 825; x_wconf 77' lang='lat' dir='ltr'>paiiim</span> <span class='ocrx_word' id='word_1_32' title='bbox 513 727 550 797; x_wconf 92' lang='lat' dir='ltr'>in</span> <span class='ocrx_word' id='word_1_33' title='bbox 577 723 747 798; x_wconf 84' lang='lat' dir='ltr'>Ecclesris</span> <span class='ocrx_word' id='word_1_34' title='bbox 773 721 913 794; x_wconf 82' lang='lat' dir='ltr'>fuerant</span> <span class='ocrx_word' id='word_1_35' title='bbox 939 723 1145 816; x_wconf 75' lang='lat' dir='ltr'>collocata,</span> <span class='ocrx_word' id='word_1_36' title='bbox 1188 749 1312 799; x_wconf 74' lang='lat' dir='ltr'>eoru·</span> <span class='ocrx_word' id='word_1_37' title='bbox 1340 751 1460 805; x_wconf 86' lang='lat' dir='ltr'>tamen</span> 
     </span>
     <span class='ocr_line' id='line_1_6' title="bbox 154 820 1462 914; baseline -0.005 -6"><span class='ocrx_word' id='word_1_38' title='bbox 154 837 257 908; x_wconf 83' lang='lat' dir='ltr'>usum</span> <span class='ocrx_word' id='word_1_39' title='bbox 285 825 543 913; x_wconf 85' lang='lat' dir='ltr'>domesticum,</span> <span class='ocrx_word' id='word_1_40' title='bbox 580 845 621 894; x_wconf 94' lang='lat' dir='ltr'>ac</span> <span class='ocrx_word' id='word_1_41' title='bbox 640 822 777 895; x_wconf 88' lang='lat' dir='ltr'>veniam</span> <span class='ocrx_word' id='word_1_42' title='bbox 796 822 858 893; x_wconf 80' lang='lat' dir='ltr'>alla</span> <span class='ocrx_word' id='word_1_43' title='bbox 879 820 941 891; x_wconf 85' lang='lat' dir='ltr'>fibi</span> <span class='ocrx_word' id='word_1_44' title='bbox 962 821 1215 914; x_wconf 85' lang='lat' dir='ltr'>comparandi,</span> <span class='ocrx_word' id='word_1_45' title='bbox 1242 825 1462 902; x_wconf 80' lang='lat' dir='ltr'>Cranmerus</span> 
     </span>
     <span class='ocr_line' id='line_1_7' title="bbox 156 919 1462 1022; baseline -0.002 -21"><span class='ocrx_word' id='word_1_46' title='bbox 156 933 228 1002; x_wconf 89' lang='lat' dir='ltr'>hoc</span> <span class='ocrx_word' id='word_1_47' title='bbox 258 949 351 997; x_wconf 88' lang='lat' dir='ltr'>anno</span> <span class='ocrx_word' id='word_1_48' title='bbox 378 925 483 1022; x_wconf 87' lang='lat' dir='ltr'>petiit</span> <span class='ocrx_word' id='word_1_49' title='bbox 512 923 549 994; x_wconf 87' lang='lat'>&amp;</span> <span class='ocrx_word' id='word_1_50' title='bbox 576 919 797 1016; x_wconf 84' lang='lat' dir='ltr'>impetravit.</span> <span class='ocrx_word' id='word_1_51' title='bbox 848 919 1062 1012; x_wconf 81' lang='lat' dir='ltr'>Drplomatc</span> <span class='ocrx_word' id='word_1_52' title='bbox 1087 941 1240 1016; x_wconf 87' lang='lat' dir='ltr'>namque</span> <span class='ocrx_word' id='word_1_53' title='bbox 1265 924 1390 1019; x_wconf 83' lang='lat' dir='ltr'>Regio</span> <span class='ocrx_word' id='word_1_54' title='bbox 1416 923 1462 999; x_wconf 88' lang='lat' dir='ltr'>ad</span> 
     </span>
     <span class='ocr_line' id='line_1_8' title="bbox 157 1015 1463 1113; baseline -0.004 -12"><span class='ocrx_word' id='word_1_55' title='bbox 157 1022 423 1101; x_wconf 86' lang='lat' dir='ltr'>Cromwellum</span> <span class='ocrx_word' id='word_1_56' title='bbox 448 1016 586 1095; x_wconf 70' lang='lat' dir='ltr'>direfto</span> <span class='ocrx_word' id='word_1_57' title='bbox 611 1019 647 1088; x_wconf 90' lang='lat' dir='ltr'>d.</span> <span class='ocrx_word' id='word_1_58' title='bbox 679 1039 734 1113; x_wconf 84' lang='lat'>¹3·</span> <span class='ocrx_word' id='word_1_59' title='bbox 754 1016 979 1100; x_wconf 81' lang='lat' dir='ltr'>Novembris</span> <span class='ocrx_word' id='word_1_60' title='bbox 1006 1015 1172 1090; x_wconf 82' lang='lat' dir='ltr'>Facultas</span> <span class='ocrx_word' id='word_1_61' title='bbox 1201 1016 1265 1088; x_wconf 81' lang='lat' dir='ltr'>ista</span> <span class='ocrx_word' id='word_1_62' title='bbox 1290 1043 1331 1091; x_wconf 87' lang='lat' dir='ltr'>ac</span> <span class='ocrx_word' id='word_1_63' title='bbox 1358 1016 1463 1096; x_wconf 78' lang='lat' dir='ltr'>senia¹</span> 
     </span>
     <span class='ocr_line' id='line_1_9' title="bbox 156 1111 1463 1220; baseline -0.005 -23"><span class='ocrx_word' id='word_1_64' title='bbox 156 1124 276 1197; x_wconf 84' lang='lat' dir='ltr'>Biblia</span> <span class='ocrx_word' id='word_1_65' title='bbox 293 1126 361 1220; x_wconf 89' lang='lat' dir='ltr'>pro</span> <span class='ocrx_word' id='word_1_66' title='bbox 380 1118 540 1215; x_wconf 89' lang='lat' dir='ltr'>cujusvis</span> <span class='ocrx_word' id='word_1_67' title='bbox 557 1114 690 1187; x_wconf 76' lang='lat' dir='ltr'>familia</span> <span class='ocrx_word' id='word_1_68' title='bbox 706 1115 847 1188; x_wconf 80' lang='lat' dir='ltr'>emendi</span> <span class='ocrx_word' id='word_1_69' title='bbox 868 1112 936 1185; x_wconf 84' lang='lat' dir='ltr'>fuit</span> <span class='ocrx_word' id='word_1_70' title='bbox 956 1111 1131 1186; x_wconf 76' lang='lat' dir='ltr'>conceisa.</span> <span class='ocrx_word' id='word_1_71' title='bbox 1170 1114 1391 1213; x_wconf 88' lang='lat' dir='ltr'>Diplomatis</span> <span class='ocrx_word' id='word_1_72' title='bbox 1410 1116 1463 1213; x_wconf 78' lang='lat' dir='ltr'>(a)</span> 
     </span>
     <span class='ocr_line' id='line_1_10' title="bbox 155 1207 1463 1314; baseline -0.005 -19"><span class='ocrx_word' id='word_1_73' title='bbox 155 1222 292 1295; x_wconf 85' lang='lat' dir='ltr'>summa</span> <span class='ocrx_word' id='word_1_74' title='bbox 319 1222 390 1290; x_wconf 85' lang='lat' dir='ltr'>huc</span> <span class='ocrx_word' id='word_1_75' title='bbox 418 1215 532 1288; x_wconf 88' lang='lat' dir='ltr'>redit:</span> <span class='ocrx_word' id='word_1_76' title='bbox 577 1211 772 1307; x_wconf 87' lang='lat' dir='ltr'>„Optare</span> <span class='ocrx_word' id='word_1_77' title='bbox 800 1213 964 1309; x_wconf 87' lang='lat' dir='ltr'>Regem,</span> <span class='ocrx_word' id='word_1_78' title='bbox 992 1231 1031 1283; x_wconf 88' lang='lat' dir='ltr'>ut</span> <span class='ocrx_word' id='word_1_79' title='bbox 1049 1207 1182 1284; x_wconf 90' lang='lat' dir='ltr'>subditi</span> <span class='ocrx_word' id='word_1_80' title='bbox 1201 1214 1251 1285; x_wconf 78' lang='lat' dir='ltr'>sui</span> <span class='ocrx_word' id='word_1_81' title='bbox 1270 1214 1312 1286; x_wconf 89' lang='lat' dir='ltr'>ad</span> <span class='ocrx_word' id='word_1_82' title='bbox 1332 1217 1463 1314; x_wconf 91' lang='lat' dir='ltr'>cogni·</span> 
     </span>
     <span class='ocr_line' id='line_1_11' title="bbox 156 1307 1465 1414; baseline -0.001 -23"><span class='ocrx_word' id='word_1_83' title='bbox 156 1372 185 1414; x_wconf 88' lang='lat'>„</span> <span class='ocrx_word' id='word_1_84' title='bbox 212 1320 346 1391; x_wconf 87' lang='lat' dir='ltr'>tionem</span> <span class='ocrx_word' id='word_1_85' title='bbox 374 1311 490 1386; x_wconf 90' lang='lat' dir='ltr'>Verbi</span> <span class='ocrx_word' id='word_1_86' title='bbox 518 1312 589 1384; x_wconf 92' lang='lat' dir='ltr'>Dei</span> <span class='ocrx_word' id='word_1_87' title='bbox 615 1311 846 1406; x_wconf 82' lang='lat' dir='ltr'>perveniant,</span> <span class='ocrx_word' id='word_1_88' title='bbox 873 1310 907 1381; x_wconf 92' lang='lat' dir='ltr'>id</span> <span class='ocrx_word' id='word_1_89' title='bbox 926 1307 1014 1380; x_wconf 78' lang='lat' dir='ltr'>veri&gt;</span> <span class='ocrx_word' id='word_1_90' title='bbox 1032 1309 1169 1382; x_wconf 83' lang='lat' dir='ltr'>facilius</span> <span class='ocrx_word' id='word_1_91' title='bbox 1188 1313 1370 1409; x_wconf 84' lang='lat' dir='ltr'>impetrari</span> <span class='ocrx_word' id='word_1_92' title='bbox 1390 1338 1465 1390; x_wconf 86' lang='lat' dir='ltr'>non</span> 
     </span>
     <span class='ocr_line' id='line_1_12' title="bbox 154 1407 1466 1512; baseline 0.003 -26"><span class='ocrx_word' id='word_1_93' title='bbox 154 1469 183 1510; x_wconf 88' lang='lat'>„</span> <span class='ocrx_word' id='word_1_94' title='bbox 211 1413 340 1512; x_wconf 78' lang='lat' dir='ltr'>posse,</span> <span class='ocrx_word' id='word_1_95' title='bbox 382 1434 489 1506; x_wconf 85' lang='lat' dir='ltr'>quam</span> <span class='ocrx_word' id='word_1_96' title='bbox 524 1409 547 1481; x_wconf 83' lang='lat' dir='ltr'>sa</span> <span class='ocrx_word' id='word_1_97' title='bbox 579 1408 673 1481; x_wconf 79' lang='lat' dir='ltr'>liber</span> <span class='ocrx_word' id='word_1_98' title='bbox 697 1407 899 1481; x_wconf 82' lang='lat' dir='ltr'>Bibliorum</span> <span class='ocrx_word' id='word_1_99' title='bbox 928 1409 1211 1503; x_wconf 83' lang='lat' dir='ltr'>Angiicanorum</span> <span class='ocrx_word' id='word_1_100' title='bbox 1241 1410 1321 1484; x_wconf 88' lang='lat' dir='ltr'>usus</span> <span class='ocrx_word' id='word_1_101' title='bbox 1347 1415 1466 1490; x_wconf 74' lang='lat' dir='ltr'>cuivis</span> 
     </span>
     <span class='ocr_line' id='line_1_13' title="bbox 155 1505 1467 1608; baseline 0.001 -22"><span class='ocrx_word' id='word_1_102' title='bbox 155 1566 182 1608; x_wconf 91' lang='lat'><strong>„</strong></span> <span class='ocrx_word' id='word_1_103' title='bbox 208 1511 451 1597; x_wconf 87' lang='lat' dir='ltr'>coucedatur,</span> <span class='ocrx_word' id='word_1_104' title='bbox 487 1529 569 1602; x_wconf 83' lang='lat' dir='ltr'>quac</span> <span class='ocrx_word' id='word_1_105' title='bbox 596 1507 722 1602; x_wconf 89' lang='lat' dir='ltr'>proin,</span> <span class='ocrx_word' id='word_1_106' title='bbox 756 1507 800 1578; x_wconf 85' lang='lat' dir='ltr'>ad</span> <span class='ocrx_word' id='word_1_107' title='bbox 827 1508 1042 1583; x_wconf 85' lang='lat' dir='ltr'>removenda</span> <span class='ocrx_word' id='word_1_108' title='bbox 1066 1505 1222 1600; x_wconf 75' lang='lat' dir='ltr'>miiaiin,</span> <span class='ocrx_word' id='word_1_109' title='bbox 1256 1510 1395 1583; x_wconf 75' lang='lat' dir='ltr'>nonnisi</span> <span class='ocrx_word' id='word_1_110' title='bbox 1416 1532 1467 1587; x_wconf 77' lang='lat' dir='ltr'>ex</span> 
     </span>
     <span class='ocr_line' id='line_1_14' title="bbox 154 1602 1465 1708; baseline 0.003 -26"><span class='ocrx_word' id='word_1_111' title='bbox 154 1661 182 1704; x_wconf 87' lang='lat'>,‚</span> <span class='ocrx_word' id='word_1_112' title='bbox 207 1614 312 1683; x_wconf 87' lang='lat' dir='ltr'>unius</span> <span class='ocrx_word' id='word_1_113' title='bbox 339 1606 567 1681; x_wconf 74' lang='lat' dir='ltr'>translatione</span> <span class='ocrx_word' id='word_1_114' title='bbox 593 1603 839 1690; x_wconf 78' lang='lat' dir='ltr'>admittenda;</span> <span class='ocrx_word' id='word_1_115' title='bbox 871 1602 1097 1677; x_wconf 85' lang='lat' dir='ltr'>Cromwello</span> <span class='ocrx_word' id='word_1_116' title='bbox 1125 1607 1465 1708; x_wconf 68' lang='lat' dir='ltr'>itaqueinjunRum</span> 
     </span>
     <span class='ocr_line' id='line_1_15' title="bbox 151 1703 1550 1802; baseline 0 -20"><span class='ocrx_word' id='word_1_117' title='bbox 151 1730 183 1802; x_wconf 86' lang='lat'>·„</span> <span class='ocrx_word' id='word_1_118' title='bbox 208 1706 297 1801; x_wconf 80' lang='lat' dir='ltr'>effe,</span> <span class='ocrx_word' id='word_1_119' title='bbox 324 1726 364 1778; x_wconf 91' lang='lat' dir='ltr'>ut</span> <span class='ocrx_word' id='word_1_120' title='bbox 383 1723 530 1796; x_wconf 80' lang='lat' dir='ltr'>caveat,</span> <span class='ocrx_word' id='word_1_121' title='bbox 556 1724 602 1775; x_wconf 92' lang='lat' dir='ltr'>ne</span> <span class='ocrx_word' id='word_1_122' title='bbox 619 1705 711 1775; x_wconf 83' lang='lat' dir='ltr'>intra</span> <span class='ocrx_word' id='word_1_123' title='bbox 728 1704 887 1800; x_wconf 91' lang='lat' dir='ltr'>quinque</span> <span class='ocrx_word' id='word_1_124' title='bbox 903 1725 1013 1776; x_wconf 87' lang='lat' dir='ltr'>annos</span> <span class='ocrx_word' id='word_1_125' title='bbox 1032 1703 1104 1774; x_wconf 86' lang='lat' dir='ltr'>uila</span> <span class='ocrx_word' id='word_1_126' title='bbox 1122 1703 1239 1776; x_wconf 85' lang='lat' dir='ltr'>Brbiia</span> <span class='ocrx_word' id='word_1_127' title='bbox 1256 1706 1469 1802; x_wconf 87' lang='lat' dir='ltr'>impriman·</span> <span class='ocrx_word' id='word_1_128' title='bbox 1547 1786 1550 1791; x_wconf 73' lang='grc'>,</span> 
     </span>
     <span class='ocr_line' id='line_1_16' title="bbox 155 1798 1565 1903; baseline 0.001 -23"><span class='ocrx_word' id='word_1_129' title='bbox 155 1859 183 1902; x_wconf 87' lang='grc'>,,</span> <span class='ocrx_word' id='word_1_130' title='bbox 210 1828 291 1896; x_wconf 87' lang='lat' dir='ltr'>tur,</span> <span class='ocrx_word' id='word_1_131' title='bbox 325 1826 432 1903; x_wconf 92' lang='lat' dir='ltr'>quam</span> <span class='ocrx_word' id='word_1_132' title='bbox 459 1824 541 1898; x_wconf 82' lang='lat' dir='ltr'>quat</span> <span class='ocrx_word' id='word_1_133' title='bbox 568 1798 642 1896; x_wconf 86' lang='lat' dir='ltr'>ipse</span> <span class='ocrx_word' id='word_1_134' title='bbox 666 1802 825 1898; x_wconf 83' lang='lat' dir='ltr'>imprimi</span> <span class='ocrx_word' id='word_1_135' title='bbox 847 1799 1000 1898; x_wconf 88' lang='lat' dir='ltr'>jusserit.</span> <span class='ocrx_word' id='word_1_136' title='bbox 1019 1852 1058 1895; x_wconf 19' lang='lat' dir='ltr'>„v</span> <span class='ocrx_word' id='word_1_137' title='bbox 1098 1801 1199 1876; x_wconf 86' lang='lat' dir='ltr'>Huic</span> <span class='ocrx_word' id='word_1_138' title='bbox 1227 1802 1361 1877; x_wconf 76' lang='lat' dir='ltr'>Edicto</span> <span class='ocrx_word' id='word_1_139' title='bbox 1386 1826 1469 1882; x_wconf 81' lang='lat' dir='ltr'>tum</span> <span class='ocrx_word' id='word_1_140' title='bbox 1553 1838 1565 1861; x_wconf 76' lang='lat'><em>0</em></span> 
     </span>
     <span class='ocr_line' id='line_1_17' title="bbox 155 1897 1470 1999; baseline 0 -20"><span class='ocrx_word' id='word_1_141' title='bbox 155 1907 323 1999; x_wconf 84' lang='lat' dir='ltr'>equidem</span> <span class='ocrx_word' id='word_1_142' title='bbox 349 1902 581 1975; x_wconf 82' lang='lat' dir='ltr'>vehementer</span> <span class='ocrx_word' id='word_1_143' title='bbox 608 1897 641 1972; x_wconf 88' lang='lat' dir='ltr'>se</span> <span class='ocrx_word' id='word_1_144' title='bbox 666 1899 878 1999; x_wconf 88' lang='lat' dir='ltr'>opponebat</span> <span class='ocrx_word' id='word_1_145' title='bbox 897 1899 1141 1989; x_wconf 87' lang='lat' dir='ltr'>Gardincrus‚</span> <span class='ocrx_word' id='word_1_146' title='bbox 1166 1899 1257 1975; x_wconf 74' lang='lat' dir='ltr'>adei&gt;</span> <span class='ocrx_word' id='word_1_147' title='bbox 1275 1924 1315 1976; x_wconf 88' lang='lat' dir='ltr'>ut</span> <span class='ocrx_word' id='word_1_148' title='bbox 1334 1905 1370 1977; x_wconf 90' lang='lat' dir='ltr'>io</span> <span class='ocrx_word' id='word_1_149' title='bbox 1389 1905 1470 1979; x_wconf 88' lang='lat' dir='ltr'>col·</span> 
     </span>
     <span class='ocr_line' id='line_1_18' title="bbox 157 1997 1473 2098; baseline 0.003 -24"><span class='ocrx_word' id='word_1_150' title='bbox 157 2001 284 2098; x_wconf 77' lang='lat' dir='ltr'><strong>loquio</strong></span> <span class='ocrx_word' id='word_1_151' title='bbox 308 1999 468 2096; x_wconf 84' lang='lat' dir='ltr'>quodam</span> <span class='ocrx_word' id='word_1_152' title='bbox 496 2020 618 2071; x_wconf 87' lang='lat' dir='ltr'>coram</span> <span class='ocrx_word' id='word_1_153' title='bbox 643 1999 749 2094; x_wconf 85' lang='lat' dir='ltr'>Rege</span> <span class='ocrx_word' id='word_1_154' title='bbox 767 1997 1003 2070; x_wconf 87' lang='lat' dir='ltr'>Cranmerum</span> <span class='ocrx_word' id='word_1_155' title='bbox 1026 2021 1261 2094; x_wconf 83' lang='lat' dir='ltr'>provocaret,</span> <span class='ocrx_word' id='word_1_156' title='bbox 1289 2022 1329 2075; x_wconf 82' lang='lat' dir='ltr'>ut</span> <span class='ocrx_word' id='word_1_157' title='bbox 1349 2002 1473 2079; x_wconf 81' lang='lat' dir='ltr'>osten·</span> 
     </span>
     <span class='ocr_line' id='line_1_19' title="bbox 158 2090 1471 2194; baseline 0.003 -23"><span class='ocrx_word' id='word_1_158' title='bbox 158 2100 260 2172; x_wconf 86' lang='lat' dir='ltr'>deret</span> <span class='ocrx_word' id='word_1_159' title='bbox 287 2096 476 2170; x_wconf 78' lang='lat' dir='ltr'>discrimen</span> <span class='ocrx_word' id='word_1_160' title='bbox 500 2097 594 2166; x_wconf 87' lang='lat' dir='ltr'>inter</span> <span class='ocrx_word' id='word_1_161' title='bbox 613 2095 882 2192; x_wconf 88' lang='lat' dir='ltr'>Scripturarum</span> <span class='ocrx_word' id='word_1_162' title='bbox 902 2097 938 2166; x_wconf 90' lang='lat'>&amp;</span> <span class='ocrx_word' id='word_1_163' title='bbox 959 2094 1148 2169; x_wconf 88' lang='lat' dir='ltr'>Canonum</span> <span class='ocrx_word' id='word_1_164' title='bbox 1171 2090 1471 2194; x_wconf 74' lang='lat' dir='ltr'>Apostolicorum</span> 
     </span>
     <span class='ocr_line' id='line_1_20' title="bbox 157 2185 1472 2299; baseline 0.007 -34"><span class='ocrx_word' id='word_1_165' title='bbox 157 2194 432 2278; x_wconf 57' lang='lat' dir='ltr'>munitatem,</span> <span class='ocrx_word' id='word_1_166' title='bbox 492 2193 605 2285; x_wconf 88' lang='lat' dir='ltr'>uippe</span> <span class='ocrx_word' id='word_1_167' title='bbox 622 2214 706 2262; x_wconf 90' lang='lat' dir='ltr'>cum</span> <span class='ocrx_word' id='word_1_168' title='bbox 726 2191 763 2259; x_wconf 93' lang='lat' dir='ltr'>in</span> <span class='ocrx_word' id='word_1_169' title='bbox 781 2212 822 2260; x_wconf 90' lang='lat' dir='ltr'>ea</span> <span class='ocrx_word' id='word_1_170' title='bbox 838 2185 923 2261; x_wconf 76' lang='lat' dir='ltr'>effct</span> <span class='ocrx_word' id='word_1_171' title='bbox 943 2190 1090 2284; x_wconf 81' lang='lat' dir='ltr'>haeresi,</span> <span class='ocrx_word' id='word_1_172' title='bbox 1118 2195 1213 2287; x_wconf 84' lang='lat' dir='ltr'>quaii</span> <span class='ocrx_word' id='word_1_173' title='bbox 1232 2217 1472 2299; x_wconf 85' lang='lat' dir='ltr'>utrorumque</span> 
     </span>
     <span class='ocr_line' id='line_1_21' title="bbox 156 2284 1472 2454; baseline 0.005 -90"><span class='ocrx_word' id='word_1_174' title='bbox 156 2289 278 2364; x_wconf 87' lang='lat' dir='ltr'>eadem</span> <span class='ocrx_word' id='word_1_175' title='bbox 305 2284 391 2359; x_wconf 79' lang='lat' dir='ltr'>esset</span> <span class='ocrx_word' id='word_1_176' title='bbox 417 2307 461 2356; x_wconf 92' lang='lat' dir='ltr'>au</span> <span class='ocrx_word' id='word_1_177' title='bbox 502 2284 633 2369; x_wconf 61' lang='lat' dir='ltr'>oritasa</span> <span class='ocrx_word' id='word_1_178' title='bbox 669 2285 888 2454; x_wconf 33' lang='lat' dir='ltr'>Quanquam</span> <span class='ocrx_word' id='word_1_179' title='bbox 918 2286 998 2378; x_wconf 88' lang='lat' dir='ltr'>post</span> <span class='ocrx_word' id='word_1_180' title='bbox 1023 2290 1173 2360; x_wconf 86' lang='lat' dir='ltr'>muitam</span> <span class='ocrx_word' id='word_1_181' title='bbox 1197 2291 1472 2372; x_wconf 80' lang='lat' dir='ltr'>altercationem</span> 
     </span>
     <span class='ocr_line' id='line_1_22' title="bbox 157 2376 1474 2492; baseline 0.004 -31"><span class='ocrx_word' id='word_1_182' title='bbox 157 2389 256 2484; x_wconf 85' lang='lat' dir='ltr'>Regi</span> <span class='ocrx_word' id='word_1_183' title='bbox 287 2408 360 2457; x_wconf 91' lang='lat' dir='ltr'>non</span> <span class='ocrx_word' id='word_1_184' title='bbox 386 2376 537 2455; x_wconf 83' lang='lat' dir='ltr'>difficile</span> <span class='ocrx_word' id='word_1_185' title='bbox 562 2376 672 2453; x_wconf 87' lang='lat' dir='ltr'>fucrit</span> <span class='ocrx_word' id='word_1_186' title='bbox 714 2380 846 2453; x_wconf 86' lang='lat' dir='ltr'>olidam</span> <span class='ocrx_word' id='word_1_187' title='bbox 870 2382 1060 2456; x_wconf 86' lang='lat' dir='ltr'>Cranmcri</span> <span class='ocrx_word' id='word_1_188' title='bbox 1078 2388 1319 2463; x_wconf 89' lang='lat' dir='ltr'>eruditionem</span> <span class='ocrx_word' id='word_1_189' title='bbox 1341 2392 1474 2492; x_wconf 84' lang='lat' dir='ltr'>infigni</span> 
     </span>
     <span class='ocr_line' id='line_1_23' title="bbox 160 2475 1475 2651; baseline 0.003 -92"><span class='ocrx_word' id='word_1_190' title='bbox 160 2482 333 2559; x_wconf 88' lang='lat' dir='ltr'>modestia</span> <span class='ocrx_word' id='word_1_191' title='bbox 359 2499 617 2651; x_wconf 51' lang='lat' dir='ltr'>tcmferatam,</span> <span class='ocrx_word' id='word_1_192' title='bbox 651 2475 673 2551; x_wconf 72' lang='grc' dir='ltr'>ὲ</span> <span class='ocrx_word' id='word_1_193' title='bbox 699 2480 798 2552; x_wconf 86' lang='lat' dir='ltr'>vanis</span> <span class='ocrx_word' id='word_1_194' title='bbox 827 2480 1018 2573; x_wconf 69' lang='lat' dir='ltr'>Gandincri</span> <span class='ocrx_word' id='word_1_195' title='bbox 1038 2483 1236 2556; x_wconf 82' lang='lat' dir='ltr'>ratiociniis</span> <span class='ocrx_word' id='word_1_196' title='bbox 1253 2486 1475 2587; x_wconf 86' lang='lat' dir='ltr'>discernere,</span> 
     </span>
    </p>
   </div>
   <div class='ocr_carea' id='block_1_3' title="bbox 159 2576 1474 2692">
    <p class='ocr_par' dir='ltr' id='par_1_3' title="bbox 159 2576 1474 2692">
     <span class='ocr_line' id='line_1_24' title="bbox 159 2576 1474 2692; baseline 0.002 -35"><span class='ocrx_word' id='word_1_197' title='bbox 159 2604 202 2657; x_wconf 89' lang='lat' dir='ltr'>ut</span> <span class='ocrx_word' id='word_1_198' title='bbox 228 2584 371 2655; x_wconf 85' lang='lat' dir='ltr'>tandem</span> <span class='ocrx_word' id='word_1_199' title='bbox 391 2581 429 2692; x_wconf 76' lang='lat' dir='ltr'>ip</span> <span class='ocrx_word' id='word_1_200' title='bbox 445 2602 465 2650; x_wconf 93' lang='lat' dir='ltr'>e</span> <span class='ocrx_word' id='word_1_201' title='bbox 482 2580 568 2651; x_wconf 82' lang='lat' dir='ltr'>Rex</span> <span class='ocrx_word' id='word_1_202' title='bbox 588 2599 735 2674; x_wconf 87' lang='lat' dir='ltr'>quoque</span> <span class='ocrx_word' id='word_1_203' title='bbox 750 2576 976 2651; x_wconf 78' lang='lat' dir='ltr'>Gardineiio&#39;</span> <span class='ocrx_word' id='word_1_204' title='bbox 988 2579 1069 2675; x_wconf 89' lang='lat' dir='ltr'>post</span> <span class='ocrx_word' id='word_1_205' title='bbox 1087 2605 1204 2654; x_wconf 87' lang='lat' dir='ltr'>acrem</span> <span class='ocrx_word' id='word_1_206' title='bbox 1225 2585 1474 2681; x_wconf 66' lang='lat' dir='ltr'>reprehensio·</span> 
     </span>
    </p>
   </div>
   <div class='ocr_carea' id='block_1_4' title="bbox 158 2675 1591 2776">
    <p class='ocr_par' dir='ltr' id='par_1_4' title="bbox 158 2675 1591 2776">
     <span class='ocr_line' id='line_1_25' title="bbox 158 2675 1591 2776; baseline 0.002 -21"><span class='ocrx_word' id='word_1_207' title='bbox 158 2703 266 2768; x_wconf 80' lang='lat' dir='ltr'>nem,</span> <span class='ocrx_word' id='word_1_208' title='bbox 292 2676 383 2751; x_wconf 83' lang='lat' dir='ltr'>iliud</span> <span class='ocrx_word' id='word_1_209' title='bbox 401 2677 691 2773; x_wconf 75' lang='lat' dir='ltr'>ingeminaverit.</span> <span class='ocrx_word' id='word_1_210' title='bbox 733 2727 760 2770; x_wconf 88' lang='lat'>„</span> <span class='ocrx_word' id='word_1_211' title='bbox 779 2675 1018 2750; x_wconf 84' lang='lat' dir='ltr'>Craumerum</span> <span class='ocrx_word' id='word_1_212' title='bbox 1036 2677 1104 2752; x_wconf 81' lang='lat' dir='ltr'>effe</span> <span class='ocrx_word' id='word_1_213' title='bbox 1122 2679 1274 2755; x_wconf 87' lang='lat' dir='ltr'>militem</span> <span class='ocrx_word' id='word_1_214' title='bbox 1295 2681 1353 2776; x_wconf 84' lang='lat' dir='ltr'>(b)</span> <span class='ocrx_word' id='word_1_215' title='bbox 1373 2688 1476 2760; x_wconf 63' lang='lat' dir='ltr'>vete·</span> <span class='ocrx_word' id='word_1_216' title='bbox 1579 2716 1591 2740; x_wconf 91' lang='lat'><strong>·</strong></span> 
     </span>
    </p>
   </div>
   <div class='ocr_carea' id='block_1_5' title="bbox 156 2772 1478 3450">
    <p class='ocr_par' dir='ltr' id='par_1_5' title="bbox 156 2772 1474 2974">
     <span class='ocr_line' id='line_1_26' title="bbox 156 2772 1474 2876; baseline 0.007 -24"><span class='ocrx_word' id='word_1_217' title='bbox 156 2832 184 2876; x_wconf 89' lang='lat'>„</span> <span class='ocrx_word' id='word_1_218' title='bbox 210 2801 359 2870; x_wconf 87' lang='lat' dir='ltr'>sanum,</span> <span class='ocrx_word' id='word_1_219' title='bbox 384 2796 499 2871; x_wconf 88' lang='lat' dir='ltr'>neque</span> <span class='ocrx_word' id='word_1_220' title='bbox 516 2777 733 2847; x_wconf 87' lang='lat' dir='ltr'>conveniens</span> <span class='ocrx_word' id='word_1_221' title='bbox 748 2772 839 2868; x_wconf 80' lang='lat' dir='ltr'>effe,</span> <span class='ocrx_word' id='word_1_222' title='bbox 863 2795 905 2849; x_wconf 89' lang='lat' dir='ltr'>ut</span> <span class='ocrx_word' id='word_1_223' title='bbox 921 2776 976 2849; x_wconf 85' lang='lat' dir='ltr'>iili</span> <span class='ocrx_word' id='word_1_224' title='bbox 995 2774 1016 2850; x_wconf 68' lang='lat' dir='ltr'>a</span> <span class='ocrx_word' id='word_1_225' title='bbox 1033 2777 1073 2852; x_wconf 92' lang='lat' dir='ltr'>N</span> <span class='ocrx_word' id='word_1_226' title='bbox 1078 2780 1196 2853; x_wconf 89' lang='lat' dir='ltr'>ovitio</span> <span class='ocrx_word' id='word_1_227' title='bbox 1215 2781 1272 2856; x_wconf 86' lang='lat' dir='ltr'>vcl</span> <span class='ocrx_word' id='word_1_228' title='bbox 1291 2783 1474 2863; x_wconf 84' lang='lat' dir='ltr'>cierentur</span> 
     </span>
     <span class='ocr_line' id='line_1_27' title="bbox 157 2873 910 2974; baseline -0.008 -23"><span class='ocrx_word' id='word_1_229' title='bbox 157 2930 186 2974; x_wconf 90' lang='lat'>„</span> <span class='ocrx_word' id='word_1_230' title='bbox 212 2874 388 2950; x_wconf 82' lang='lat' dir='ltr'>molestia·</span> <span class='ocrx_word' id='word_1_231' title='bbox 407 2873 465 2944; x_wconf 84' lang='lat' dir='ltr'>vei</span> <span class='ocrx_word' id='word_1_232' title='bbox 485 2891 717 2944; x_wconf 81' lang='lat' dir='ltr'>moverentur</span> <span class='ocrx_word' id='word_1_233' title='bbox 735 2873 864 2946; x_wconf 81' lang='lat' dir='ltr'>turbae.</span> <span class='ocrx_word' id='word_1_234' title='bbox 883 2926 910 2966; x_wconf 89' lang='lat'>‚‚</span> 
     </span>
    </p>

    <p class='ocr_par' dir='ltr' id='par_1_6' title="bbox 159 2970 1476 3435">
     <span class='ocr_line' id='line_1_28' title="bbox 205 2970 1476 3072; baseline 0.004 -24"><span class='ocrx_word' id='word_1_235' title='bbox 205 2987 238 3064; x_wconf 78' lang='lat'>§-</span> <span class='ocrx_word' id='word_1_236' title='bbox 257 2971 407 3048; x_wconf 86' lang='lat' dir='ltr'><strong>XCIV.</strong></span> <span class='ocrx_word' id='word_1_237' title='bbox 432 2970 596 3044; x_wconf 86' lang='lat' dir='ltr'>Fuerunt</span> <span class='ocrx_word' id='word_1_238' title='bbox 614 2989 733 3044; x_wconf 86' lang='lat' dir='ltr'>autem</span> <span class='ocrx_word' id='word_1_239' title='bbox 754 2970 861 3067; x_wconf 84' lang='lat' dir='ltr'>hujus</span> <span class='ocrx_word' id='word_1_240' title='bbox 877 2972 1038 3072; x_wconf 87' lang='lat' dir='ltr'>ejusdem</span> <span class='ocrx_word' id='word_1_241' title='bbox 1056 2974 1138 3047; x_wconf 90' lang='lat' dir='ltr'>anni</span> <span class='ocrx_word' id='word_1_242' title='bbox 1152 2996 1257 3072; x_wconf 81' lang='lat'>¹539·</span> <span class='ocrx_word' id='word_1_243' title='bbox 1285 2976 1413 3071; x_wconf 86' lang='lat' dir='ltr'>initio,</span> <span class='ocrx_word' id='word_1_244' title='bbox 1437 2972 1476 3058; x_wconf 75' lang='lat' dir='ltr'>iai</span> 
     </span>
     <span class='ocr_line' id='line_1_29' title="bbox 160 3067 1474 3173; baseline 0.004 -24"><span class='ocrx_word' id='word_1_245' title='bbox 160 3075 297 3163; x_wconf 72' lang='lat' dir='ltr'>scorta,</span> <span class='ocrx_word' id='word_1_246' title='bbox 332 3068 452 3166; x_wconf 90' lang='lat' dir='ltr'>(utin</span> <span class='ocrx_word' id='word_1_247' title='bbox 479 3069 680 3140; x_wconf 84' lang='lat' dir='ltr'>transcursu</span> <span class='ocrx_word' id='word_1_248' title='bbox 707 3067 742 3140; x_wconf 92' lang='lat' dir='ltr'>id</span> <span class='ocrx_word' id='word_1_249' title='bbox 769 3074 996 3157; x_wconf 81' lang='lat' dir='ltr'>annotemus)</span> <span class='ocrx_word' id='word_1_250' title='bbox 1025 3073 1292 3165; x_wconf 76' lang='lat' dir='ltr'>Lutheranismi</span> <span class='ocrx_word' id='word_1_251' title='bbox 1322 3074 1474 3173; x_wconf 64' lang='lat' dir='ltr'>suspecti</span> 
     </span>
     <span class='ocr_line' id='line_1_30' title="bbox 159 3164 1474 3268; baseline 0.009 -28"><span class='ocrx_word' id='word_1_252' title='bbox 159 3169 389 3266; x_wconf 83' lang='lat' dir='ltr'>quamplures</span> <span class='ocrx_word' id='word_1_253' title='bbox 406 3166 529 3262; x_wconf 79' lang='lat' dir='ltr'>capti,</span> <span class='ocrx_word' id='word_1_254' title='bbox 554 3164 618 3238; x_wconf 84' lang='lat' dir='ltr'>sub</span> <span class='ocrx_word' id='word_1_255' title='bbox 638 3165 746 3239; x_wconf 82' lang='lat' dir='ltr'>finem</span> <span class='ocrx_word' id='word_1_256' title='bbox 764 3165 950 3240; x_wconf 83' lang='lat' dir='ltr'>Februarii</span> <span class='ocrx_word' id='word_1_257' title='bbox 968 3173 1127 3268; x_wconf 90' lang='lat' dir='ltr'>quinque</span> <span class='ocrx_word' id='word_1_258' title='bbox 1144 3173 1312 3244; x_wconf 88' lang='lat' dir='ltr'>cremati:</span> <span class='ocrx_word' id='word_1_259' title='bbox 1341 3197 1474 3252; x_wconf 81' lang='lat' dir='ltr'>novem</span> 
     </span>
     <span class='ocr_line' id='line_1_31' title="bbox 160 3262 1474 3435; baseline 0.008 -96"><span class='ocrx_word' id='word_1_260' title='bbox 160 3285 388 3341; x_wconf 81' lang='lat' dir='ltr'>recantarunt</span> <span class='ocrx_word' id='word_1_261' title='bbox 407 3264 482 3360; x_wconf 87' lang='lat' dir='ltr'>(c):</span> <span class='ocrx_word' id='word_1_262' title='bbox 513 3262 719 3365; x_wconf 82' lang='lat' dir='ltr'>complures</span> <span class='ocrx_word' id='word_1_263' title='bbox 740 3264 853 3435; x_wconf 51' lang='lat' dir='ltr'>egilio</span> <span class='ocrx_word' id='word_1_264' title='bbox 872 3268 1044 3343; x_wconf 86' lang='lat' dir='ltr'>damnati.</span> <span class='ocrx_word' id='word_1_265' title='bbox 1088 3271 1131 3342; x_wconf 91' lang='lat' dir='ltr'>lu</span> <span class='ocrx_word' id='word_1_266' title='bbox 1150 3270 1204 3344; x_wconf 89' lang='lat' dir='ltr'>his</span> <span class='ocrx_word' id='word_1_267' title='bbox 1222 3267 1294 3344; x_wconf 88' lang='lat' dir='ltr'>fuit</span> <span class='ocrx_word' id='word_1_268' title='bbox 1313 3271 1400 3348; x_wconf 84' lang='lat' dir='ltr'>Geor</span> <span class='ocrx_word' id='word_1_269' title='bbox 1421 3283 1474 3350; x_wconf 79' lang='lat' dir='ltr'>ius</span> 
     </span>
    </p>

    <p class='ocr_par' dir='ltr' id='par_1_7' title="bbox 814 3372 1478 3450">
     <span class='ocr_line' id='line_1_32' title="bbox 814 3372 1478 3450; baseline 0 -16"><span class='ocrx_word' id='word_1_270' title='bbox 814 3385 838 3434; x_wconf 89' lang='grc'><strong>0</strong></span> <span class='ocrx_word' id='word_1_271' title='bbox 865 3383 887 3434; x_wconf 86' lang='lat'>2</span> <span class='ocrx_word' id='word_1_272' title='bbox 1421 3372 1478 3450; x_wconf 73' lang='lat' dir='ltr'>Uo</span> 
     </span>
    </p>
   </div>
   <div class='ocr_carea' id='block_1_6' title="bbox 162 3602 1477 3774">
    <p class='ocr_par' dir='ltr' id='par_1_8' title="bbox 162 3602 1477 3774">
     <span class='ocr_line' id='line_1_33' title="bbox 204 3602 1477 3690; baseline 0.015 -21"><span class='ocrx_word' id='word_1_273' title='bbox 204 3607 255 3687; x_wconf 70' lang='grc' dir='ltr'>(ι)</span> <span class='ocrx_word' id='word_1_274' title='bbox 278 3602 437 3690; x_wconf 78' lang='lat' dir='ltr'>Diploma</span> <span class='ocrx_word' id='word_1_275' title='bbox 458 3608 521 3674; x_wconf 87' lang='lat' dir='ltr'>hoc</span> <span class='ocrx_word' id='word_1_276' title='bbox 545 3608 577 3674; x_wconf 88' lang='lat' dir='ltr'>in</span> <span class='ocrx_word' id='word_1_277' title='bbox 592 3606 810 3677; x_wconf 82' lang='lat' dir='ltr'>Documentis</span> <span class='ocrx_word' id='word_1_278' title='bbox 830 3604 929 3672; x_wconf 71' lang='lat' dir='ltr'>Luto</span> <span class='ocrx_word' id='word_1_279' title='bbox 948 3607 1010 3676; x_wconf 89' lang='lat'>111.</span> <span class='ocrx_word' id='word_1_280' title='bbox 1034 3606 1156 3684; x_wconf 74' lang='lat' dir='ltr'>Histoe.</span> <span class='ocrx_word' id='word_1_281' title='bbox 1179 3611 1330 3686; x_wconf 82' lang='lat' dir='ltr'>Reform.</span> <span class='ocrx_word' id='word_1_282' title='bbox 1347 3618 1477 3689; x_wconf 76' lang='lat' dir='ltr'>moeris</span> 
     </span>
     <span class='ocr_line' id='line_1_34' title="bbox 162 3688 955 3774; baseline 0.001 -19"><span class='ocrx_word' id='word_1_283' title='bbox 162 3689 286 3755; x_wconf 73' lang='lat' dir='ltr'>exhibet</span> <span class='ocrx_word' id='word_1_284' title='bbox 300 3688 575 3760; x_wconf 84' lang='lat' dir='ltr'>BURNETUS</span> <span class='ocrx_word' id='word_1_285' title='bbox 594 3713 686 3763; x_wconf 85' lang='lat' dir='ltr'>num.</span> <span class='ocrx_word' id='word_1_286' title='bbox 702 3691 785 3761; x_wconf 87' lang='lat' dir='ltr'>XV.</span> <span class='ocrx_word' id='word_1_287' title='bbox 809 3692 870 3760; x_wconf 85' lang='lat' dir='ltr'>fol.</span> <span class='ocrx_word' id='word_1_288' title='bbox 882 3709 955 3774; x_wconf 90' lang='lat'>105.</span> 
     </span>
    </p>
   </div>
   <div class='ocr_carea' id='block_1_7' title="bbox 161 3740 1479 4069">
    <p class='ocr_par' dir='ltr' id='par_1_9' title="bbox 161 3740 1479 4069">
     <span class='ocr_line' id='line_1_35' title="bbox 203 3740 1479 3886; baseline -0.004 -26"><span class='ocrx_word' id='word_1_289' title='bbox 203 3796 257 3878; x_wconf 84' lang='lat' dir='ltr'>(a)</span> <span class='ocrx_word' id='word_1_290' title='bbox 282 3792 537 3864; x_wconf 75' lang='lat' dir='ltr'>sununs.</span> <span class='ocrx_word' id='word_1_291' title='bbox 566 3796 628 3865; x_wconf 78' lang='lat' dir='ltr'>ror.</span> <span class='ocrx_word' id='word_1_292' title='bbox 648 3800 759 3882; x_wconf 55' lang='lat' dir='ltr'>aas</span> <span class='ocrx_word' id='word_1_293' title='bbox 806 3798 851 3865; x_wconf 77' lang='lat' dir='ltr'>cf.</span> <span class='ocrx_word' id='word_1_294' title='bbox 876 3795 990 3886; x_wconf 72' lang='lat' dir='ltr'>aspa.</span> <span class='ocrx_word' id='word_1_295' title='bbox 1021 3740 1277 3879; x_wconf 52' lang='lat' dir='ltr'>utromzss</span> <span class='ocrx_word' id='word_1_296' title='bbox 1300 3805 1378 3879; x_wconf 56' lang='lat' dir='ltr'>mv,</span> <span class='ocrx_word' id='word_1_297' title='bbox 1394 3802 1479 3878; x_wconf 72' lang='lat' dir='ltr'>xv,</span> 
     </span>
     <span class='ocr_line' id='line_1_36' title="bbox 161 3897 927 4069; baseline 0.001 -20"><span class='ocrx_word' id='word_1_298' title='bbox 161 3897 382 4067; x_wconf 68' lang='lat' dir='ltr'>&#39;&#39;‹³c⁹)²&#39;c0nc</span> <span class='ocrx_word' id='word_1_299' title='bbox 396 3972 616 4061; x_wconf 71' lang='lat' dir='ltr'>sununs.</span> <span class='ocrx_word' id='word_1_300' title='bbox 637 3979 693 4050; x_wconf 83' lang='lat' dir='ltr'>u.</span> <span class='ocrx_word' id='word_1_301' title='bbox 708 3920 763 4053; x_wconf 72' lang='lat' dir='ltr'>aa</span> <span class='ocrx_word' id='word_1_302' title='bbox 784 3981 927 4069; x_wconf 64' lang='lat' dir='ltr'>stays,</span> 
     </span>
    </p>
   </div>
   <div class='ocr_carea' id='block_1_8' title="bbox 0 0 1685 4456">
    <p class='ocr_par' dir='ltr' id='par_1_10' title="bbox 0 0 1685 4456">
     <span class='ocr_line' id='line_1_37' title="bbox 0 0 1685 4456; baseline 0 0"><span class='ocrx_word' id='word_1_303' title='bbox 0 0 1685 4456; x_wconf 95' lang='lat' dir='ltr'> </span> 
     </span>
    </p>
   </div>
  </div>
 </body>
</html>
