3322 4456
237 281 310 386 382
447 266 837 352 rrrsrortrn
876 270 1316 350 uvnnoutrr
1371 278 1539 377 nrm

284 402 412 474 Prouti
439 423 518 474 turn
544 401 640 473 varia
665 420 812 495 quoque
828 398 896 470 alia
911 399 972 472 rel
989 401 1161 473 innotata
1176 401 1235 472 rel
1250 401 1440 472 immutata
1459 403 1540 475 sue-

236 520 324 571 runt
340 521 447 594 atque
463 501 501 569 in
518 500 702 569 meliorem
721 496 872 568 sormam
891 495 1052 586 redasta,
1069 522 1152 594 quae
1169 499 1539 596 antebacceteroquiu

237 594 372 669 sancita
390 601 464 692 jaro
490 617 591 667 erant
616 616 724 686 atque
750 590 900 688 publice
915 595 1136 683 constitutae
1162 594 1262 689 Qua
1277 614 1393 668 umen
1413 595 1542 671 Varia·

241 695 381 785 tiones,
406 716 474 766 nec
490 693 605 764 sraudi
620 692 691 764 effe
709 711 874 784 poterant
892 690 957 763 reli
986 693 1060 764 ioni
1077 692 1300 782 emendate,
1316 713 1382 764 nec
1402 692 1542 767 Refor-

241 793 441 864 rnaroribus
457 790 667 885 exprobrari
680 788 835 893 debent,
854 787 949 883 quasi
956 713 1066 862 {ides
1073 789 1354 862 Protellanriurn
1363 791 1544 883 ejusmodi

241 888 337 983 passa
355 886 397 958 lit
416 889 648 974 variationes,
666 908 749 956 curn
765 908 840 955 non
857 908 932 957 uno
947 886 1148 984 eodemque
1163 907 1237 959 tem
1291 905 1330 957 re
1347 907 1472 959 omnes
1488 890 1546 963 illi

241 1002 304 1056 tot
323 983 452 1059 seculis
465 985 527 1079 qui
545 986 582 1053 in
600 982 835 1079 Religionem
852 981 1063 1079 irrepserant
1080 985 1175 1056 naevi
1192 1006 1237 1055 ve
1268 987 1445 1056 removeri
1461 984 1545 1080 pos·

242 1078 320 1154 sent
339 1083 394 1152 vel
412 1081 613 1171 emendari,
630 1098 810 1174 cumque,
826 1081 889 1176 qui
907 1082 1094 1154 veritatem
1112 1082 1300 1179 inquirunt
1315 1081 1481 1153 lubenter
1490 1082 1544 1156 sn·

243 1195 407 1266 teantur,
440 1176 475 1249 se
501 1195 559 1248 Am
583 1204 754 1271 yeme,
784 1198 893 1250 nm
913 1180 1142 1273 &dampnet
1179 1177 1359 1269 Accedit,
1388 1176 1487 1274 quod
1505 1180 1545 1256 bi

242 1275 311 1371 ipsr
337 1275 400 1370 qui
426 1273 531 1345 nobit
549 1288 590 1344 ut
609 1274 803 1369 plurimum
818 1296 876 1347 eat
891 1273 1097 1371 objiciunt,
1123 1275 1355 1365 (Pontificior
1371 1275 1547 1374 indigita-

242 1373 338 1459 rnur)
365 1374 404 1444 δι
427 1373 616 1444 continuat
630 1371 668 1445 dt
686 1373 896 1470 omnigenas
912 1394 978 1469 per
993 1375 1115 1446 omnia
1131 1371 1204 1446 sere
1219 1370 1336 1446 secula
1351 1394 1435 1445 cum
1454 1379 1547 1451 doc·

244 1470 351 1541 trinae
378 1488 457 1540 turn
484 1468 602 1541 cultui
627 1467 691 1542 suo
712 1470 930 1544 indurentur
947 1471 1182 1563 variationes,
1207 1471 1292 1543 alias
1306 1469 1435 1559 senus,
1458 1475 1548 1549 aliar

242 1567 374 1660 citius,
398 1568 460 1639 hat
476 1563 623 1657 senfirn,
641 1567 717 1639 illas
733 1566 877 1659 subito,
901 1569 963 1641 bat
979 1566 1150 1660 occulte,
1172 1591 1215 1641 ac
1232 1564 1339 1640 rediit
1354 1568 1443 1659 viis,
1465 1568 1546 1644 illu

242 1680 367 1834 :ipqrqq
381 1664 440 1833 sica
456 1660 835 1833 qqqstigaqqmqqr,
860 1688 927 1739 uec
943 1666 1067 1739 Roma
1083 1687 1239 1761 unquam
1256 1664 1365 1740 suerit
1382 1668 1550 1742 'condant

242 1910 246 1917 .
292 1855 381 1928 Fuit
406 1852 493 1927 verb
520 1872 598 1926 tum
615 1864 761 1951 quoque
778 1855 860 1929 Lex
878 1856 949 1929 lata
965 1854 1011 1930 de
1028 1857 1264 1934 Sacerdotutn
1283 1858 1549 1960 Matrimonio,

244 1974 319 2026 non
345 1975 409 2049 per
432 1951 700 2025 conniventium
727 1951 785 2027 vel
809 1953 1068 2051 indulgentiam
1091 1955 1211 2031 saltem
1231 1960 1443 2052 tolerando,
1467 1982 1552 2034 run·

245 2070 351 2142 quarn
378 2071 452 2122 non
478 2048 631 2140 illicito,
664 2047 722 2123 sed
747 2052 805 2125 vel
821 2060 978 2128 maxime
996 2055 1183 2155 legitimo,
1212 2077 1321 2153 arque
1339 2060 1553 2152 cumprimis

242 2143 469 2235 honorabili,
494 2144 770 2224 reclamantibus
786 2150 873 2228 licet
891 2170 1047 2252 quatuor
1063 2153 1275 2230 Combibut
1293 2157 1330 2232 δι
1347 2157 1408 2229 sex
1423 2155 1555 2254 Dyna-

242 2240 307 2318 stis
324 2246 398 2337 (a),
437 2240 501 2319 Ne
521 2245 596 2343 jam
623 2245 721 2348 leget
745 2249 792 2323 de
807 2251 1020 2351 colligendis
1034 2250 1267 2352 eleemosynis
1285 2255 1322 2326 in
1341 2254 1441 2327 usum
1461 2276 1553 2349 pau·

244 2364 393 2440 perum,
422 2344 466 2417 de
487 2342 594 2443 justit
617 2344 800 2421 usurarum
828 2351 1002 2426 limitibus
1019 2352 1216 2449 ponendis,
1242 2372 1552 2445 commemorem,

245 2458 354 2537 atque
370 2464 470 2535 earn,
487 2465 569 2540 quae
587 2446 920 2524 contraSimoniam
938 2450 991 2526 est
1010 2452 1102 2545 lata,
1118 2440 1552 2544 &contnaffignarrqw

243 2560 291 2612 ex
321 2537 494 2615 Ecclefiae
520 2543 693 2617 reditibus
716 2541 923 2641 penfiones,
947 2569 1125 2636 necnon,
1148 2559 1276 2617 contra
1291 2542 1425 2619 collata
1440 2544 1553 2619 bene·

244 2633 352 2730 ficia,
372 2640 457 2712 dum
478 2643 514 2710 in
533 2642 624 2711 vivis
641 2640 727 2715 effer
746 2643 914 2735 possessor
931 2642 1178 2717 beneficiarius
1193 2640 1309 2716 etfrm.
1329 2664 1410 2736 quae
1430 2644 1553 2711 omnia

244 2729 325 2806 satir
351 2755 537 2831 arguunt,
579 2758 685 2830 quarn
712 2759 810 2809 curae
837 2737 1010 2833 cordique
1035 2739 1122 2811 esset
1148 2738 1278 2830 Regi,
1321 2732 1548 2839 pleniofoillff

245 2827 619 2904 REFORMATIO
646 2851 728 2901 curn
755 2827 930 2900 dostrinoe
955 2849 1032 2899 turn
1060 2832 1210 2912 cultue,
1251 2842 1358 2912 atque
1382 2843 1547 2914 tnprrmts

244 2928 352 3001 etinnr
380 2924 578 3018 disciplinae
604 2917 875 3004 ecclesiastice,
900 2936 981 3009 quae
1004 2920 1160 3010 turpiter
1174 2911 1266 2990 aded
1283 2939 1455 3016 corrupta
1471 2942 1548 2998 erat

244 3046 286 3096 ac
309 3022 521 3115 depravata,
559 3016 656 3086 Nam
676 3015 714 3085 dc
733 3011 918 3081 Articulot
935 3009 1016 3083 illos
1034 3011 1245 3110 Confeffionr's
1254 3013 1341 3109 fidei
1358 3020 1548 3095 antebucd

234 3115 349 3193 nobit
367 3126 668 3191 commemoratos
685 3126 762 3179 tum
781 3101 916 3179 solenni
934 3106 1014 3206 lege
1030 3112 1246 3210 approbatos
1264 3112 1365 3189 suiffe
1383 3119 1437 3210 (c)
1457 3143 1548 3191 con·

246 3208 327 3288 stat.

1302 3320 1335 3398 ς.
1354 3302 1547 3386 Cxxlll.

287 3484 338 3565 (r)
364 3475 583 3548 BURNET.
609 3483 630 3545 l.
649 3498 677 3544 e.
702 3476 884 3557 sol.127.b.

285 3575 338 3657 (b)
363 3572 576 3641 BURNET.
603 3579 623 3640 l.
643 3593 671 3639 c.
697 3572 875 3650 fol.rz9.a.

153 3678 157 3691 '
242 3744 246 3751 Ι
285 3668 338 3748 (ο)
363 3664 435 3734 BU
449 3662 479 3732 R
493 3661 522 3727 Ν
538 3662 620 3731 ET.
642 3666 701 3731 sol.
721 3678 789 3743 t3o.
801 3683 827 3727 a.
860 3663 915 3746 qui
938 3662 968 3728 in
992 3662 1187 3731 culledlione
1208 3659 1494 3736 Documentorurn
1509 3673 1549 3736 ad

244 3748 396 3821 Turnum
417 3752 459 3816 ll.
483 3749 540 3814 sol.
562 3766 631 3832 124.
654 3751 685 3816 dt
707 3751 791 3832 seqq.
818 3744 922 3812 Num.
944 3745 1021 3813 LV.
1050 3750 1227 3815 universam
1250 3749 1340 3813 illam
1367 3750 1549 3818 Confessio·

242 3834 480 3904 matriculis
497 3831 610 3900 Xbll.
638 3832 846 3898 constantem·
862 3832 998 3910 exbibet,
1023 3850 1105 3915 quos
1128 3835 1278 3900 articulos
1296 3833 1352 3896 sub
1370 3831 1549 3903 Elisauerna

356 3923 397 3991 td
412 3938 584 3989 numerum
603 3916 778 3989 ΧΧΧΙΧ.
805 3914 867 3982 effe
881 3915 1026 3984 redadlos
1039 3916 1108 4000 jam
1122 3916 1371 3986 &interimunt
