3322 4456
755 348 773 434 s
784 343 888 429 ιω.)

175 462 249 536 Dei
272 484 346 533 crat
364 459 620 535 Controversia
633 463 670 532 in
687 464 854 557 African
869 466 1064 558 Concilio,
1091 468 1189 562 quod
1206 470 1249 542 ad
1266 470 1479 547 Primatum

175 562 323 632 limari
351 559 521 652 Episcopi
547 563 700 647 attinet,
732 560 791 630 sed
813 585 859 631 an
884 568 992 638 talem
1017 566 1070 636 llli
1088 567 1304 638 Potestatem
1323 569 1484 644 dedisset

177 657 344 728 Nicetium
370 652 605 728 Concilium?
636 658 809 727 hamarim
832 659 1017 730 consensus
1040 663 1077 730 iu
1095 662 1245 734 dubium
1263 664 1485 739 vocabatur.

179 752 281 823 llinc
306 758 344 827 bt
371 757 518 826 Romani
534 751 704 844 Episcopi
724 751 998 844 Procuratores,
1021 778 1063 826 ut
1080 760 1209 829 nuceo
1223 761 1386 830 Concilii
1404 765 1486 833 Ar-

179 849 314 921 ticulos
337 850 766 942 acciperentsrogarant
788 851 970 942 Africani,
1003 853 1041 923 dt
1068 877 1113 923 ue
1128 855 1215 925 dolo
1233 856 1489 928 circumveni·

182 968 328 1036 rentur,
363 950 399 1016 ia
425 946 591 1016 Grecis:
614 946 762 1016 nuntior
783 945 955 1019 miserunt
978 948 1052 1037 illi,
1077 953 1139 1044 qui
1157 947 1335 1020 afferrent.
1379 952 1490 1026 Haec

182 1042 284 1213 ἢεῖ
306 1043 385 1114 sunt
410 1043 453 1112 ad
478 1040 758 1136 quadringentae
780 1045 913 1141 viginti
935 1064 1091 1138 quatuor
1112 1070 1222 1117 annos
1247 1049 1290 1117 ab
1314 1070 1409 1118 anuo
1428 1048 1491 1120 sa·

233 1237 328 1310 Non
352 1233 505 1330 objiciat
528 1231 632 1306 uobis
652 1241 775 1334 Aegiis
795 1256 944 1337 argutus
968 1238 1163 1336 quispiam,
1196 1239 1295 1332 quod
1322 1240 1495 1312 Rrraarrae

185 1331 275 1407 sedit
298 1331 549 1424 solicitudine,
580 1331 775 1428 chuante
798 1338 925 1427 latia,
957 1337 1065 1431 primi
1083 1336 1244 1406 omnium
1270 1337 1492 1408 Provincia·

187 1453 292 1520 rum,
317 1433 426 1501 Anno
440 1427 560 1501 salutis
574 1427 739 1500 bumanae
751 1429 831 1502 182.
848 1433 985 1503 Cbrisli
1003 1432 1128 1502 Fidem
1145 1434 1363 1526 accepimus.
1389 1432 1496 1528 Quis

187 1523 302 1599 nescit
324 1549 399 1599 non
423 1526 600 1617 bominis,
621 1523 681 1610 sed
698 1527 771 1597 Dei
786 1526 856 1599 effe
873 1528 1046 1619 Donum,
1073 1528 1225 1598 Pidcm?
1250 1548 1292 1598 ut
1310 1528 1359 1598 ait
1378 1527 1495 1623 Apo-

189 1619 302 1697 stolus
327 1623 371 1695 ad
397 1625 496 1695 Rem.
518 1645 574 1695 rr..
612 1621 655 1692 sd
679 1623 777 1712 quod
793 1623 921 1693 inboc
937 1625 1022 1694 loeo
1040 1625 1266 1717 perspicuum
1283 1622 1347 1693 est.
1385 1623 1498 1716 Quia

189 1721 334 1795 Murri
358 1720 501 1810 Regem
525 1740 600 1788 non
623 1714 818 1787 solicitavit
842 1719 1054 1789 Eierrberiri
1075 1722 1244 1789 Romanas
1262 1717 1499 1816 Episcopus,

191 1815 251 1891 sed
276 1839 340 1911 per
365 1812 505 1883 Literaa
526 1812 603 1906 egit
627 1811 753 1880 Larini
776 1833 861 1880 cum
881 1813 1095 1896 Eleutherio,
1122 1829 1163 1879 ut
1181 1812 1315 1879 Christi
1334 1811 1500 1909 Fidem,

45 1928 49 1933 '
193 1913 265 1987 hoc
281 1907 333 1980 cst
357 1941 586 1962 ······
610 1926 667 1990 aa,
690 1904 884 1997 acciperet.
924 1902 1029 1975 Misit
1047 1906 1167 1997 itaque
1185 1906 1397 1976 Eleutheros
1416 1912 1500 1978 Fa.

188 2010 319 2105 gotium
343 2003 379 2076 &
407 2001 615 2076 Dareium
640 2001 714 2073 &c
756 2000 890 2096 Neque
911 2022 985 2071 non
1010 1999 1152 2096 postca,
1188 2002 1295 2070 Anno
1318 2023 1338 2068 a
1358 1999 1501 2078 Natali

194 2099 331 2177 Christi
348 2111 431 2194 603.
447 2097 683 2197 Augustino
699 2098 737 2172 δι
755 2099 915 2174 Mearm
933 2095 1145 2193 [Mearm]
1166 2097 1393 2185 Monachos,
1420 2121 1504 2176 una

194 2222 279 2275 cum
306 2199 382 2272 aliia
406 2196 500 2271 milit
528 2200 577 2270 Ι).
594 2196 793 2295 Gregorius,
825 2195 889 2291 qui
906 2218 1020 2291 prope
1036 2191 1230 2267 extinstam
1252 2195 1287 2264 in
1306 2196 1504 2269 Britannia

196 2297 348 2390 Fidem,
380 2301 562 2392 Argium
587 2293 783 2383 Dominio,
816 2295 1022 2386 renovavit,
1055 2314 1196 2363 normae
1213 2289 1386 2384 religiosa·
1404 2292 1504 2366 vitae

195 2398 235 2472 in
252 2393 400 2469 Christo
417 2393 603 2467 nonnulla
619 2391 738 2483 dedit,
757 2393 830 2462 διε.
855 2390 952 2462 Haec
968 2391 1007 2465 &
1024 2388 1196 2460 nonnulla
1211 2386 1278 2457 alia
1294 2389 1419 2476 nobis,
1439 2389 1504 2461 in.

197 2518 326 2592 quam,
359 2491 563 2588 objiciunt,
597 2487 726 2584 quibui
753 2483 910 2559 Romar'ae
929 2486 1018 2558 sedis
1034 2509 1099 2574 nos
1115 2483 1346 2578 obligatiores
1363 2483 1505 2559 docere

200 2596 375 2690 cupiunt,
400 2613 505 2686 quarn
531 2588 612 2658 alias
631 2585 836 2668 Nationes,
862 2584 989 2655 Paucis
1007 2579 1251 2675 respondetur.
1288 2578 1371 2651 Nifi
1389 2582 1504 2653 Eleu·

199 2694 327 2764 iberius
345 2707 526 2784 rogatura
543 2686 649 2774 Rege
666 2683 763 2752 viros
779 2677 945 2768 misiset,
964 2679 1025 2773 qui
1042 2675 1197 2749 sancium
1210 2695 1381 2747 conatum
1395 2674 1504 2749 suum

200 2785 395 2872 auxissent,
414 2786 575 2877 ejusque
598 2779 770 2848 Petitioni
791 2772 1050 2860 satisfecissent,
1078 2771 1170 2841 baud
1190 2769 1359 2864 Episcopi
1379 2777 1506 2845 nomi·

203 2909 268 2972 ne,
295 2880 352 2953 scd
373 2877 557 2947 Damonis
574 2873 720 2965 dignior
737 2866 867 2941 fuisset.
893 2869 1013 2963 Magia
1032 2867 1142 2937 miror
1159 2866 1260 2937 illum
1280 2892 1353 2939 non
1372 2893 1506 2942 accur·

206 2977 298 3050 risle.
342 2975 492 3061 Gregorii
509 2964 770 3037 solicitudinem
790 2964 957 3057 quianon
976 2961 1119 3033 laudat?
1162 2963 1252 3056 Ejus
1272 2966 1437 3036 Canones
1456 2968 1506 3038 li-

203 3072 329 3147 benter
355 3058 567 3139 athelbertus
592 3062 675 3133 Rex
703 3059 887 3151 amplexus
902 3058 976 3148 est,
1002 3057 1098 3130 aliud
1115 3083 1186 3131 non
1205 3061 1374 3133 docentes
1393 3086 1507 3155 quatu

203 3168 319 3259 sanas,
346 3164 382 3239 &
400 3157 575 3258 religiosa:
593 3159 681 3231 vitae
700 3159 737 3230 in
754 3156 900 3230 Christo
918 3157 1102 3253 Regulas,
1128 3159 1255 3250 quibus
1273 3159 1373 3230 velut
1389 3160 1507 3230 duce·

204 3288 302 3345 retur
328 3262 466 3336 facilius
493 3261 528 3331 in
555 3256 679 3330 Fidem
707 3254 842 3330 Christi
868 3258 1027 3328 novitius
1054 3255 1170 3324 adbuc
1196 3255 1365 3348 Populus.
1409 3256 1508 3328 Non

206 3365 393 3458 imperium
425 3357 487 3430 fibi
513 3358 719 3453 arrogavit,
750 3354 924 3425 dominari
944 3377 1015 3425 non
1033 3350 1233 3441 ambiebat,
1262 3355 1361 3424 venit
1379 3375 1509 3423 exem·

208 3463 270 3560 plo
298 3455 431 3530 Christi
460 3453 677 3544 ministrare,
703 3474 774 3521 non
795 3450 994 3522 ministrari.
1038 3446 1127 3517 Aliis
1147 3446 1348 3537 Mandatis,
1372 3444 1509 3535 Jusiio-

208 3557 334 3644 nibus,
365 3552 526 3651 imperiis
546 3572 691 3648 regnare
709 3547 848 3637 noluit,
873 3568 977 3644 quam
999 3541 1124 3613 Verbo
1144 3544 1227 3615 Dei.
1273 3547 1361 3616 Non
1378 3547 1511 3637 coegit

208 3653 411 3733 Provincia
439 3650 598 3721 homines
624 3644 667 3717 ad
693 3642 726 3714 se
750 3639 1191 3739 venire,dirimendarum
1212 3640 1402 3713 Causarum
1421 3660 1510 3733 gra.

209 3755 281 3843 tia,
310 3745 574 3832 (litationibus,
602 3740 918 3829 Comminatoriis,
946 3738 1374 3809 Excommunicationum
1396 3735 1446 3829 [F
1450 3741 1510 3809 ul·

208 3846 385 3949 minibus]
408 3843 585 3942 l'opulutn
605 3863 731 3914 vexare
749 3838 879 3911 noluit.
910 3837 947 3909 T
951 3829 1075 3909 antitm
1094 3837 1137 3907 ad
1156 3833 1270 3908 sanam
1290 3838 1399 3909 vitam
1419 3833 1511 3904 hor·

1412 3949 1511 4007 tatus
