3322 4456
71 396 77 406 ,
156 328 318 423 A-t‘54r'.
484 321 524 397 R
571 322 605 396 E
653 319 697 394 N
746 317 784 393 Ο
833 317 871 393 V
921 319 953 392 ‘a
1001 321 1040 394 Τ
1088 323 1120 398 1.
1190 268 1192 272 Α
1381 345 1453 430 323

155 455 302 549 cupiens
321 451 370 541 (a)
391 445 599 540 intempesta
615 442 740 532 noste,
767 466 848 516 cum
869 445 1025 538 Prorege
1044 445 1130 519 iiiuc
1148 444 1304 543 delatus,
1327 474 1456 532 omnes

156 551 271 626 aditus
290 547 449 634 obsedit,
477 567 541 614 nec
561 564 679 612 tamen
695 561 756 612 aut
774 540 952 613 blanditiis
971 560 1031 610 aut
1050 544 1371 635 pollicitationibus
1389 568 1453 628 eut

156 649 259 718 minis
282 648 471 741 quicquam
490 635 632 710 efficere
651 638 794 731 potuit,
822 637 937 710 donec
956 636 1088 709 Comes
1107 640 1308 716 Bothueliae
1326 643 1346 717 ὲ
1366 671 1455 741 pro·

157 747 290 837 pinqua
308 742 391 809 villa
409 738 465 808 sua
482 757 673 822 evocatus,
698 756 742 802 eo
760 736 871 805 venit.
914 736 949 804 ls
966 756 1048 803 cum
1070 737 1231 807 omnium
1253 742 1455 814 Lochiano·

158 828 235 909 ruin
263 834 366 908 facile
386 829 642 929 potentiffimus
660 827 765 917 esset,
792 829 932 901 tandem
953 831 1182 923 impetravit,
1208 853 1248 904 ut
1268 838 1455 934 Georgius

158 932 223 1025 ipsi
245 932 453 1017 dederetur,
480 927 688 1021 interposita
708 924 800 1015 fide,
820 926 851 998 se
869 927 912 997 ab
931 927 1028 997 omni
1045 928 1454 1025 damno&injuriaeum

158 1029 393 1100 defensurum.
436 1028 644 1098 Sacerdotes
672 1022 762 1093 hanc
788 1025 946 1116 praedam
973 1020 1089 1111 uasti,
1124 1023 1353 1124 Edimburgo
1371 1054 1454 1109 eum

158 1126 200 1199 ad
220 1126 354 1197 Fanum
378 1126 531 1194 Andreae
551 1118 776 1192 transferunt.
814 1120 891 1211 lbi,
918 1117 1000 1216 post
1017 1120 1167 1193 alterum
1188 1120 1259 1196 sere
1280 1124 1456 1220 mensem,

158 1220 280 1293 condia
306 1221 481 1316 frequenti
502 1221 615 1288 omnis
634 1220 772 1313 generis
791 1213 1011 1289 sacerdotum
1031 1218 1284 1311 multitudine,
1312 1245 1392 1314 quae
1412 1227 1457 1303 de

159 1317 320 1401 dodrina
344 1320 418 1409 eius
445 1317 671 1403 decerneret,
706 1312 742 1385 ὅ(
773 1315 884 1408 magis
903 1334 943 1385 ut
960 1312 1113 1407 speciem
1129 1315 1294 1410 judicum
1315 1317 1456 1414 praebe.

159 1438 259 1506 rent,
286 1405 389 1509 quam
414 1411 510 1508 quod
530 1413 693 1506 cuiquam
715 1409 863 1482 dubium
881 1408 986 1501 esset,
1014 1414 1099 1505 quid
1119 1416 1296 1485 decreturi
1316 1414 1458 1511 forent,

159 1513 204 1587 de
227 1511 392 1584 consensu
411 1511 594 1594 omnium,
622 1506 819 1578 Cardinaiis
843 1509 1028 1601 (quoniam
1047 1508 1141 1603 ipse,
1166 1534 1229 1604 per
1250 1515 1344 1606 leges
1363 1516 1458 1595 Pon·

159 1607 309 1699 tisicizts,
331 1609 376 1680 de
394 1607 512 1701 capite
529 1607 738 1700 cujusquam
758 1626 823 1675 nec
845 1626 1009 1677 exercere
1028 1603 1282 1700 quaestionem,
1303 1633 1368 1682 nec
1388 1609 1457 1691 sta.

158 1725 260 1781 tuere
278 1705 408 1802 posset)
428 1705 518 1800 petit
536 1726 555 1772 a
573 1703 750 1796 Prorege,
778 1724 841 1794 per
858 1701 996 1793 literas,
1016 1722 1058 1773 ut
1074 1700 1233 1800 defignet
1252 1706 1300 1776 rei
1320 1710 1457 1803 capita.

159 1801 201 1887 lis
215 1803 401 1898 judicem,
429 1804 488 1897 qui
509 1803 547 1871 irt
565 1822 661 1870 teum
682 1798 960 1872 animadvertere
974 1797 1140 1894 juberet,
1164 1803 1226 1898 qui
1240 1801 1315 1899 jam
1334 1828 1458 1884 acon·

158 1922 269 1975 ventu
292 1901 514 1972 sacerdotum
534 1895 702 1972 haereseos
720 1896 903 1968 damnatus
921 1895 1016 1969 esset.

165 2064 168 2072 .
207 1997 250 2071 In
268 2020 308 2068 ea
326 2021 363 2069 re
380 1998 477 2068 uuila
495 1993 681 2065 videbatur
699 2017 798 2064 mota
816 2017 881 2087 per
898 1996 1006 2064 Prore
1034 2016 1091 2065 em
1111 1992 1250 2068 futura:
1278 2020 1319 2068 ac
1337 2020 1381 2071 ne
1399 1995 1458 2073 fu-

158 2090 235 2162 isset
253 2093 420 2182 quidem,
438 2089 502 2160 nist
522 2091 743 2181 propinquus
760 2091 836 2182 ejus
856 2092 976 2162 David
1029 2090 1459 2175 amiltoniusPraestonia-

159 2205 247 2275 nus,
268 2186 390 2254 mustis
408 2185 525 2254 verbis
543 2205 622 2252 eum
634 2184 881 2271 admonendo,
900 2185 1082 2278 rogando,
1099 2185 1331 2281 deterrendo,
1350 2216 1392 2263 ac
1404 2195 1459 2266 in-

158 2280 262 2351 terim
290 2301 403 2374 prope
429 2277 678 2374 objurgando,
704 2277 945 2351 continuisset.
989 2281 1032 2350 ln
1052 2280 1142 2354 hanc
1161 2285 1233 2357 fere
1251 2285 1460 2363 sententiam

159 2375 323 2450 locutum
341 2373 482 2460 scrunt;
509 2423 537 2464 „
556 2373 601 2444 Se
619 2375 847 2446 vehementer
864 2376 1006 2465 mirari,
1026 2398 1098 2470 quo
1118 2379 1290 2472 consriio,
1308 2382 1460 2476 Prorex,
1579 2386 1582 2391 ’

157 2520 185 2565 ,,
210 2472 370 2545 adversus
391 2472 460 2544 Dei
480 2470 617 2560 servos,
635 2467 765 2565 quibus
783 2473 920 2544 nullum
940 2474 1076 2543 crimen
1094 2472 1308 2570 objiciatur,
1327 2498 1461 2570 praetet

157 2619 186 2663 „
213 2569 401 2664 Evangelii
424 2566 506 2660 Jesu
525 2567 660 2639 Christi
681 2565 997 2663 praedicationem,
1025 2589 1158 2642 tantam
1179 2572 1358 2644 licentiam
1378 2598 1461 2670 pete

157 2714 185 2760 „
210 2667 392 2756 mitteret,
420 2667 457 2739 δι
477 2663 707 2757 hominibus,
740 2662 960 2762 flagitiorum
988 2667 1235 2761 turpitudine,
1262 2672 1298 2744 ὅ(
1319 2694 1462 2763 morum

156 2812 183 2858 „
208 2764 430 2835 immanitate
456 2761 644 2857 plusquam
673 2760 803 2852 serina,
834 2785 948 2859 prope
967 2763 1002 2832 in
1022 2767 1221 2837 cruciatum
1244 2767 1386 2840 dederet
1407 2769 1461 2849 in.

155 2912 183 2956 ,‚
208 2861 359 2934 noxios:
380 2859 631 2955 quorumvitae
644 2859 885 2954 integritatem
898 2861 1033 2932 inimici
1045 2857 1352 2956 fateanturinviti,
1371 2867 1462 2941 doc.

155 3009 183 3053 „
208 2960 336 3032 trinam
362 2979 434 3027 non
453 2956 658 3054 ignoraret,
684 2973 728 3028 ut
746 2958 805 3028 cui
823 2956 896 3053 ipse
913 2979 985 3029 non
1006 2959 1055 3029 ita
1073 2960 1212 3053 pridem
1233 2966 1464 3057 vehementer

155 3106 184 3149 „
210 3053 329 3128 suisset
347 3051 508 3125 deditus:
536 3055 640 3149 cujus
658 3056 969 3127 commendatione
988 3056 1025 3126 in
1043 3054 1138 3127 hunc
1156 3056 1360 3152 supremum
1406 3085 1462 3135 ree

156 3185 184 3245 ,·‚
209 3150 294 3222 dum
313 3150 534 3244 pervenerit:
554 3172 658 3247 quam
677 3149 711 3220 se
726 3151 933 3245 amplexum
947 3151 988 3223 srt
1003 3154 1147 3224 testatus
1158 3155 1304 3249 publice
1313 3084 1461 3241 edidire,

157 3298 186 3341 „
211 3269 316 3343 quam
344 3247 512 3320 tuendam
540 3248 654 3341 palam
680 3243 891 3342 susceperit:
928 3247 970 3319 ad
998 3271 1102 3344 quam
1130 3250 1339 3347 legendam,
1372 3278 1416 3325 co
1447 3285 1463 3349 τ

157 3395 185 3439 ,,
209 3340 445 3435 noscendam,
487 3342 697 3439 vitaque&
727 3344 886 3416 moribus
910 3345 1204 3438 exprimendam,
1241 3276 1462 3446 snguine&

158 3491 186 3535 „
211 3440 392 3514 universos
413 3440 456 3515 fit
474 3443 652 3516 hortatus.
695 3439 834 3538 Cogita
852 3442 986 3537 igitur,
1014 3444 1152 3538 inquit,
1181 3445 1242 3541 qui
1262 3447 1463 3543 sermones,

157 3586 186 3630 „
211 3560 292 3628 quae
319 3539 556 3635 cogitationes
582 3539 792 3630 hominum,
825 3539 870 3610 de
887 3558 923 3610 te
942 3537 1007 3609 fint
1027 3537 1182 3614 suturae:
1211 3546 1334 3642 cogita
1353 3545 1462 3620 bene·

157 3683 186 3727 „
211 3631 295 3705 ficit
319 3633 355 3705 in
381 3654 419 3707 te
444 3636 576 3712 collata
601 3637 795 3711 divinitus:
826 3634 1180 3715 sublatumemodio
1198 3643 1366 3741 Regem,
1392 3646 1463 3716 sto-

702 3731 858 3809 .Ss2
1092 3768 1273 3809 ·..·
1335 3741 1464 3847 „mia

1245 3876 1274 3905 ’ἕ
1347 3874 1462 3926 >'·tt·

198 3943 248 4029 (r)
272 3938 465 4010 THUAN.
489 3940 608 4012 utto.
633 3890 707 4013 ia.
722 3945 783 4015 m.
804 3966 834 4015 c.
852 3944 951 4015 xtv.
972 3945 1114 4029 rotro.
1147 3893 1150 3899 ’
1217 3896 1221 3901 ’
