3322 4456
201 322 277 389 292
414 289 797 368 HISTORIA
838 288 1284 366 EVANGELII
1340 297 1510 402 Ari-39,

202 415 616 507 BUCHANANUS,
638 416 705 485 i'ir
723 416 827 510 plane
843 415 998 487 eximius
1009 416 1081 499 (a):
1106 417 1192 512 qui,
1215 416 1508 513 sopitiscustodfi.

203 518 295 609 bur,
313 541 376 613 pcr
393 517 554 588 cubiculi
574 512 761 585 senessram
778 512 910 601 erafit,
928 535 1036 610 atque
1053 515 1271 610 inAngsiam
1284 521 1426 613 primo,
1443 529 1508 598 de·

202 614 351 709 inceps,
376 612 439 685 ubi
458 636 526 684 occ
544 611 596 683 ibi
614 633 735 683 rutum
755 609 789 680 se
805 609 1052 703 conspiceret,
1071 612 1108 680 in
1121 610 1279 684 Galliam
1296 622 1508 715 contendit,

202 714 310 785 variis
336 711 471 810 ingenii
491 710 758 794 monumentis,
782 708 1002 780 carminibus
1020 711 1264 805 precipue&
1281 736 1398 788 rerum
1415 719 1507 793 Sco·

202 810 358 885 ticarum
378 808 541 881 Historia
556 805 821 877 celeberrimus.

253 909 353 980 luter
379 930 441 978 eor
467 924 586 976 autem
613 903 675 993 qui
703 921 780 972 tum
807 903 999 998 Gsasgruiae
1027 901 1315 1003 Archiepiscopo
1341 910 1510 986 sisteban-

202 1020 286 1097 tur,
312 1025 413 1077 erant
428 1004 593 1095 Ruffesius
611 997 864 1070 Franciscanus
881 1003 919 1071 δι
936 999 1147 1089 Kenndrur,
1172 1001 1378 1080 ofiodecim
1396 1035 1510 1084 auno·

201 1124 285 1177 rum
307 1102 476 1202 juvenii,
514 1099 636 1190 Atque
663 1096 723 1169 hic
749 1096 915 1190 equidem
942 1116 1041 1167 metu
1070 1099 1274 1192 perculsus,
1300 1129 1426 1200 parum
1446 1111 1511 1183 ab·

200 1218 280 1275 erat
297 1202 383 1295 quin
397 1191 624 1271 retrauaffet.
650 1193 720 1266 Sed
735 1193 1297 1289 iamenudcanceiioraddustus,
1315 1227 1400 1276 cum
1412 1209 1512 1281 Rus.

202 1294 279 1373 felii
306 1299 504 1369 sermonem
531 1288 739 1379 audivisset,
764 1309 864 1362 tanta
879 1313 1028 1387 repente
1042 1285 1190 1364 affeuus
1207 1294 1344 1370 dicitur
1363 1302 1515 1400 iaetiria,

202 1413 248 1469 ut
267 1392 351 1468 fidei
371 1393 497 1486 plenus
516 1389 552 1460 in
573 1388 652 1459 haec
668 1408 875 1484 erumperet
892 1389 1012 1461 verbu.
1025 1387 1085 1479 (b)
1108 1441 1136 1480 „
1153 1389 1276 1484 Quam
1286 1394 1515 1498 admiranda,

203 1540 235 1587 „
262 1490 385 1582 Deus,
407 1489 493 1560 Tua
508 1508 594 1582 erga
612 1507 669 1556 me
687 1483 851 1557 miserum
869 1485 921 1558 est
937 1487 1092 1559 charitas
1108 1488 1147 1561 δι
1167 1489 1430 1589 misericordia,
1455 1522 1511 1574 et·

201 1638 233 1683 „
257 1588 353 1662 enirn
381 1609 464 1658 curn
485 1584 560 1684 jam
583 1603 619 1654 te
639 1582 677 1655 &
697 1581 813 1655 filium
833 1604 938 1656 tuum
957 1584 1180 1658 salvatorem
1198 1612 1318 1662 meum
1337 1594 1516 1696 abnegnre

202 1735 234 1783 „
258 1685 412 1774 vellem,
438 1685 502 1754 Tu
521 1703 628 1752 manu
647 1701 708 1751 tuu
725 1678 745 1752 e*
764 1679 929 1754 saucibus
945 1679 1076 1754 inferni
1093 1703 1152 1753 me
1167 1684 1353 1780 eripuisti,
1371 1716 1413 1764 ac
1431 1718 1512 1767 coe.

202 1834 234 1880 „
260 1782 337 1857 sesti
365 1803 430 1855 tuo
457 1779 584 1852 solatio
602 1779 662 1888 'ita
684 1801 888 1891 cormeum
907 1775 1110 1888 replevisti,
1136 1798 1179 1850 ut
1196 1801 1314 1854 metus
1330 1789 1393 1878 qui
1411 1812 1512 1863 men.

202 1901 342 2055 ’ἐυὲξῗέ
359 1871 1511 2074 sits,iniisse1¹}¹{3353}ssssreddidisses:

203 2093 321 2152 tatum
349 2099 474 2149 corum
501 2075 562 2168 qui
588 2096 671 2146 cum
702 2067 988 2168 Archiepiscopo
1012 2089 1114 2144 erant
1130 2074 1350 2171 clamorem,
1375 2082 1412 2153 in
1431 2082 1514 2158 haec

202 2170 281 2251 sere
300 2172 409 2249 verba
425 2172 518 2248 suain
539 2169 665 2244 clausit
682 2168 975 2266 disputationem.
1012 2222 1041 2264 „
1060 2169 1157 2244 Haec
1169 2170 1222 2246 est
1240 2173 1329 2249 hura
1344 2179 1460 2254 vestra
1477 2185 1516 2259 δι

203 2322 235 2371 ,,
260 2269 416 2372 potestur
442 2269 692 2345 tenebrarum:
729 2270 845 2343 Nunc
872 2291 913 2344 ut
939 2267 1086 2367 Judicer
1103 2268 1252 2364 sedetis,
1276 2299 1341 2349 nos
1358 2278 1516 2353 damnati

204 2422 235 2469 „
261 2374 411 2445 siamus:
441 2370 521 2445 Erit
541 2391 705 2464 tempus,
722 2367 1458 2470 quoinnocentinnostramanifestabitur,
1478 2379 1517 2453 &

203 2518 234 2567 „
260 2495 326 2546 vos
353 2467 502 2543 vestram
524 2470 734 2543 coecitatem
754 2487 893 2539 aeterno
910 2491 994 2542 cum
1013 2467 1216 2564 opprobrio
1232 2474 1409 2566 cernetis,
1436 2501 1518 2574 per·

221 2571 337 2666 ,gite
363 2569 496 2658 modo,
532 2568 569 2641 &
598 2563 793 2639 mensurum
820 2562 991 2638 scelerum
1019 2564 1219 2639 vestrorum
1247 2569 1442 2665 adimplete
1452 2608 1465 2661 5
1488 2627 1519 2665 „

204 2620 258 2739 h
286 2668 459 2737 dicuntur
488 2669 565 2735 haec
593 2666 701 2735 verbo
729 2683 869 2735 tantum
893 2659 1038 2732 vaiuissc
1055 2664 1151 2755 apud
1172 2666 1517 2756 Archiepiscopum,

205 2780 249 2835 ut
278 2764 364 2833 vitae
394 2758 550 2855 ipsorum
579 2782 724 2857 parcere
750 2778 896 2850 quoque
921 2757 1102 2838 voluerit,
1126 2759 1192 2824 nisi
1209 2759 1430 2844 reliquorum
1450 2761 1518 2827 ob·

206 2855 348 2931 ssiriffct
375 2859 540 2945 clamor,
582 2856 810 2937 dicentium,
850 2871 934 2919 eum
961 2849 1013 2915 ita
1034 2841 1198 2912 ecclesiae
1224 2867 1296 2914 non
1324 2847 1424 2939 posse
1448 2850 1517 2926 esse

207 2953 393 3038 enricum,
439 2957 531 3027 Sunt
558 2949 672 3045 igitur
697 2947 739 3017 ad
767 2939 973 3012 incendium
999 2933 1254 3028 condemnati,
1286 2963 1515 3045 mortemque

208 3066 308 3127 tanta
334 3072 416 3123 cum
437 3049 566 3123 iaetitia
583 3062 750 3135 tantaque
767 3058 851 3108 cum
871 3033 979 3104 animi
997 3029 1216 3129 constantin,
1241 3035 1445 3139 subierunt,
1473 3072 1517 3123 ut

209 3152 271 3249 qui
298 3145 482 3222 adstabant
506 3138 718 3235 speciatores
746 3132 867 3242 inultis
895 3132 1012 3205 modis
1031 3134 1389 3249 'dicanturlufdificati
1408 3165 1520 3243 atque

209 3243 458 3323 corroborati:
495 3232 608 3310 Certe
636 3229 838 3322 Roscius,
874 3227 1064 3306 Kennedio
1090 3229 1258 3328 supplicii
1283 3235 1404 3329 socio,
1438 3249 1518 3318 ani·

209 3365 310 3422 mum
337 3341 391 3413 siis
419 3332 537 3409 verbis
556 3329 724 3406 addidisse
741 3327 907 3408 refertur.
929 3331 983 3428 (c)
1028 3330 1130 3424 „Ne
1147 3355 1291 3429 metue,
1317 3339 1367 3409 mi
1386 3338 1518 3510 fratfer,

1458 3464 1518 3512 01'·

251 3617 302 3699 (e)
325 3606 625 3683 BUCHANAN.
647 3632 705 3678 rer.
731 3608 885 3679 Scoticar.
910 3609 981 3677 Lib.
999 3609 1100 3680 XIV.
1123 3632 1153 3696 p.
1171 3628 1243 3695 503.
1269 3613 1308 3678 de
1326 3612 1522 3685 Buchannno

211 3718 338 3779 eutem,
363 3717 459 3763 nemo
476 3697 589 3764 meiius
607 3716 702 3781 quam
721 3696 782 3781 ipse
797 3710 1033 3766 commentatus
1049 3697 1112 3783 ess,
1135 3696 1166 3763 iu
1182 3697 1261 3765 Vna
1274 3701 1431 3787 Operibus
1446 3703 1522 3786 ejur

213 3789 231 3859 1
248 3786 454 3855 Rudimnnnn
470 3782 560 3848 editis
573 3779 739 3931 promissa.

253 3872 308 3952 sb)
332 3862 549 3935 BURNET.
607 3867 694 3933 ΛΗ.
718 3863 887 3944 sol.171.b

279 3956 308 4043 r)
328 3946 547 4029 BURNET·
570 3952 595 4018 1.
610 3969 641 4020 c.
663 3949 832 4045 sclazne
