3322 4456
138 347 304 447 Anus.
432 339 505 419 vR
555 344 587 417 E
637 341 676 415 Ν
728 343 765 415 O
816 339 852 413 V
903 340 934 412 Α
985 341 1023 412 Τ
1068 343 1103 416 Ἰ.
1373 361 1438 437 261

138 497 208 569 que
236 473 481 548 Comitiorum
512 468 668 556 Senatu,
695 466 811 560 Regi,
842 464 1046 559 propofita3
1076 468 1184 564 Apud
1204 494 1331 566 quem,
1357 497 1440 557 cum

137 595 177 642 ea
204 594 256 642 res
284 589 471 665 ageretur,
508 565 542 632 iu
564 562 713 634 diversas
731 559 850 632 denuo
869 562 957 633 itum
977 563 1026 633 est
1048 586 1182 656 partes:
1217 572 1350 664 Erant,
1377 575 1440 668 qui

136 666 304 739 dicebant
331 666 380 756 (a)
416 660 544 732 multas
580 657 660 729 inde
687 656 927 752 discrepantes
953 659 1105 730 orituras
1131 661 1197 732 elle
1224 671 1439 763 opiniones,

138 786 253 860 neque
271 763 438 855 Regem,
471 755 496 826 fi
516 756 586 827 boc
604 756 799 844 concedat,
827 755 975 826 ulterius
993 754 1140 828 subditis
1160 758 1224 831 suis
1243 765 1438 857 imperatu·
1481 803 1484 810 ·

137 882 232 930 rum.
275 857 349 928 Alii
374 850 522 943 contri,
549 850 645 923 nulla
664 875 700 922 re
717 852 914 923 Primatum
936 854 1050 948 Regis
1070 855 1208 948 populo
1227 863 1338 955 magis
1358 865 1438 936 red·

137 952 254 1026 ditum
274 955 315 1024 iri
334 971 547 1046 acceptum,
570 947 784 1021 Pontificem
805 945 891 1019 veri>
906 948 1044 1022 cundis
1055 951 1223 1044 exosum,
1242 959 1437 1050 putabant,

136 1071 243 1145 quam
273 1047 296 1119 li
319 1049 545 1135 ostendatur,
575 1045 713 1135 lucem,
741 1044 965 1141 liberumque
995 1046 1107 1119 Verbi
1135 1048 1245 1120 divini
1265 1051 1437 1145 usum,i

136 1147 254 1244 Regis
279 1146 348 1219 illis
372 1143 440 1216 elie
467 1142 668 1231 redditum,
695 1165 784 1236 quos
802 1143 988 1215 Romanus
1008 1142 1198 1237 Pontifex,
1225 1173 1328 1220 coeca
1348 1153 1435 1224 obe·

136 1243 270 1316 dientia
298 1242 360 1315 fibi
390 1239 566 1335 praestita,
594 1241 630 1311 in
648 1240 802 1310 tenebris
820 1239 1041 1332 detinuerat,
1068 1242 1227 1338 nihilque
1245 1245 1436 1322 Pontificis

135 1339 383 1413 audioritatem
398 1335 578 1410 efficacius
592 1336 876 1431 extirpaturum,
896 1336 933 1408 δι
945 1338 1211 1411 Monachorum
1223 1343 1435 1439 imposturas
1564 1416 1571 1429 ,

136 1437 383 1523 detedlurum,
430 1459 508 1507 uam
531 1431 833 1529 llibliaAnglica3
853 1432 1043 1527 exquibus
1063 1436 1176 1510 cuivis
1195 1436 1298 1522 facile
1318 1463 1433 1536 pates·

137 1556 218 1626 cat,
246 1530 373 1607 cundia
391 1460 454 1603 iila
473 1530 609 1603 nullum
628 1529 756 1602 habere
774 1532 811 1601 in
830 1530 1014 1626 Scriptura
1029 1533 1134 1606 Sacra
1150 1533 1433 1617 fundamentum.

182 1633 407 1728 Argumenta
425 1629 526 1718 haec,
545 1651 627 1698 cum
647 1635 687 1698 'ea
705 1628 763 1718 vi,
782 1650 886 1724 quam
900 1629 972 1699 AN
983 1629 1058 1701 NA
1072 1632 1215 1728 Regina
1229 1634 1432 1714 inanimum

131 1729 251 1826 Regis
275 1729 481 1800 etiamnunc
505 1723 719 1815 exercebat,
752 1725 942 1819 copulata,
973 1729 1061 1798 tanti
1082 1726 1224 1801 fuerunt
1243 1734 1431 1828 ponderis,

122 1833 175 1900 'ut
202 1826 273 1898 line
300 1848 421 1914 mora,
457 1845 579 1894 manus
606 1823 707 1918 operi
724 1819 818 1915 jussu
837 1825 958 1921 Regio
978 1822 1228 1900 admoveretur
1237 1860 1251 1914 5
1286 1830 1433 1922 Quibus

131 1920 219 2000 veria
238 1922 275 1994 id
294 1922 433 2020 negotii
452 1917 560 1993 fuerit
579 1917 828 2010 commissum,
845 1921 903 1992 vel
915 1944 989 2017 qua
1007 1925 1143 1996 ratione
1162 1926 1197 1996 id
1209 1924 1432 2002 administra·

131 2022 273 2111 verint,
295 2018 359 2090 fibi
378 2041 450 2089 non
469 2038 696 2111 compertum
716 2014 783 2088 elle
799 2016 947 2091 testatur
966 2019 1154 2093 Burnetus.
1166 2022 1221 2114 (b)
1251 2023 1290 2096 ld
1309 2027 1430 2103 saltem

132 2135 273 2187 certum
291 2114 364 2204 est,
398 2115 552 2185 triennio
573 2114 623 2198 (c)
650 2109 732 2207 post
757 2112 899 2183 demum
922 2115 1017 2186 illam
1039 2115 1248 2191 Versronem
1268 2120 1430 2200 Lutetiae

125 2206 346 2283 Parifiorum
366 2205 419 2299 (d)
446 2208 648 2279 inchoatam
674 2207 711 2278 &
730 2205 890 2278 Londini
909 2208 1099 2304 perfectam
1120 2217 1215 2309 typis
1232 2221 1430 2314 imprellam

124 2303 313 2403 prodiille.

180 2416 212 2490 ς.
231 2398 440 2475 LXXXV.
467 2398 603 2494 Neque
629 2396 716 2473 verb
743 2423 899 2501 unquam
926 2399 1123 2479 feliciorem
1150 2431 1266 2482 rerum
1292 2413 1430 2488 succes·

124 2495 204 2573 l'um
223 2519 283 2572 aut
300 2497 473 2572 sereniora
490 2519 677 2592 tempora,
697 2500 757 2594 qui
773 2501 1039 2573 Reformationi
1059 2501 1245 2598 favebant,
1267 2507 1329 2579 fibi
1349 2511 1429 2603 pol·

121 2597 230 2672 licen'
256 2595 478 2694 potuillent,
513 2618 617 2689 quarn
646 2596 767 2669 eadem
796 2598 898 2687 haec,
932 2597 995 2670 nisr
1024 2597 1124 2672 brevi
1152 2623 1287 2675 mutata
1310 2628 1427 2680 rerum

119 2694 250 2785 leena,
273 2696 462 2788 repentino
481 2691 560 2766 casu
580 2694 616 2764 in
637 2693 741 2788 ipsam
762 2694 942 2768 REGlN
949 2696 1027 2768 AM
1048 2697 1333 2776 Reformationis
1352 2703 1428 2776 fau·

119 2795 255 2868 tricem
275 2788 558 2876 illustriffimam,
577 2789 777 2888 gravissima
795 2793 982 2886 tempestas
996 2814 1123 2868 exorta
1136 2795 1274 2891 fuisset,
1292 2805 1428 2898 quippe

119 2914 208 2986 ‘quae
234 2889 360 2962 eodem
388 2889 458 2961 hoc
484 2912 578 2960 anno
604 2890 741 2962 varium
769 2891 806 2964 ὃς
832 2892 1004 2965 mutabile
1022 2894 1138 2991 Regis
1156 2896 1341 2994 ingenium
1362 2901 1426 2973 tri·
1476 2918 1478 2923 ’

127 2985 273 3063 lliliimo
293 2985 366 3060 fato
385 2985 510 3058 debuit
528 2988 696 3079 experiri.

174 3082 425 3180 Exspirarerat
440 3080 536 3155 circi
549 3083 653 3180 hujus
666 3086 748 3157 anni
759 3086 902 3157 initium
915 3086 949 3157 d.
962 3083 994 3158 8.
1004 3089 1158 3178 Januarii
1172 3093 1283 3188 (quod
1295 3093 1426 3190 Anglis

126 3180 170 3253 nd
183 3183 229 3252 A.
244 3202 348 3276 ¹535·
368 3179 535 3266 refertur)
550 3181 1092 3278 aetatisannoquinquagefimo,
1113 3188 1305 3260 Catha'rina
1318 3194 1425 3262 Arra·

124 3277 255 3374 gonia,
290 3276 476 3372 postquam
505 3277 640 3348 ultimis
667 3279 709 3349 ad
737 3281 878 3375 Regem
910 3281 1020 3368 literis
1038 3284 1112 3373 (e),
1147 3286 1260 3378 iisque
1277 3310 1423 3361 accura-

116 3372 252 3450 aissrme
269 3374 430 3471 scriptis,
454 3374 609 3448 Mariam
630 3373 704 3467 illi,
715 3397 960 3544 ffmunem
979 3378 1106 3453 Filiam
1125 3383 1424 3479 commendasset,

1283 3533 1285 3535 .
1352 3483 1425 3557 foe·

166 3567 216 3644 (a)
240 3564 455 3631 BURNET.
480 3571 547 3632 l.e.
572 3588 686 3651 p.112.
825 3493 841 3568 ὅ
1268 3581 1271 3585 “

165 3649 217 3725 (b)
242 3647 461 3712 BURNET.
487 3654 508 3715 l.
525 3671 553 3714 c.
580 3672 693 3734 praa.

123 3727 298 3884 1,ἑῴῃΙίε
321 3751 388 3874 quo
412 3733 555 3816 deinceps
579 3735 609 3815 b.
627 3733 707 3801 XC.
729 3734 936 3821 dispiciemus.
961 3739 991 3804 δι
1014 3739 1230 3810 BURNET.
1257 3746 1335 3814 Hill.
1351 3745 1425 3814 Res.

158 3837 165 3879 l
190 3861 198 3878 ι
271 3859 277 3871 ·
364 3835 395 3877 -Ι
422 3837 453 3876 0.

164 3899 218 3980 (r)
243 3831 593 3964 colrlslrrmn.
619 3899 690 3967 nri.
706 3901 788 3970 xri.
811 3903 870 3972 for.
884 3923 954 3989 140.

163 3984 214 4065 (e)
237 3977 454 4050 BURNET.
478 3982 530 4050 lib.
548 3985 600 4049 cit.
625 3984 678 4050 fol.
697 4004 767 4051 110.
