3322 4456
156 67 172 119 *l

171 315 337 414 ΛΑΜ.
500 308 1136 388 RENOVATI.
1237 303 1306 323 '⁴
1398 333 1462 411 341

168 487 199 530 ,,
221 438 258 511 in
279 434 475 536 judicando
502 433 571 509 else
595 432 706 522 velit,
733 431 796 504 nisa
816 458 851 506 re
870 434 967 528 prius
986 431 1176 527 diligenter
1195 432 1395 532 perspecta,
1420 435 1466 509 de

169 581 197 625 ‚,
222 556 292 630 qua
316 535 458 609 censura
483 528 626 604 serenda
655 526 720 618 srt,
754 530 898 626 reliquit
926 551 982 600 me
1009 529 1276 604 archidiaconus
1301 556 1342 604 ac
1362 534 1464 604 abiit.

171 677 199 723 „
225 630 314 705 Inde
332 631 374 703 ad
394 651 449 702 me
467 627 565 699 verrit
583 626 775 715 Brytannus
792 645 940 722 agnatus
958 646 1077 715 meus,
1096 628 1166 695 unit
1182 649 1262 698 cum
1286 629 1333 700 D.
1349 631 1463 702 Ham·
1498 686 1506 704 a

168 773 197 817 ,‚
222 733 253 802 lo
274 722 553 823 jureconsulto,
577 745 620 794 ac
646 719 855 815 quibusdam
873 721 958 793 aliis.
1001 720 1056 791 lbi
1077 724 1355 817 tum-episcopus
1375 748 1463 797 con·

169 870 199 912 ,‚
223 821 403 894 sobrinum
423 842 541 892 meum
560 816 664 889 auxie
682 817 776 910 apud
794 839 851 892 me
868 816 993 890 instare
1010 836 1154 906 monet,
1172 838 1211 887 ut
1231 819 1342 890 sensus
1355 821 1463 892 animi

171 962 199 1006 „
225 918 295 988 mei
314 939 435 987 omncs
453 917 504 987 illi
522 911 685 985 sudaster
702 936 937 1009 exponerem:
964 912 1129 1006 idemque
1145 912 1285 1007 insuper
1302 915 1464 1010 pluribus

174 1060 203 1101 „
228 1011 346 1085 verbis
367 1035 424 1083 me
449 1014 632 1098 hortatur,
658 1027 699 1079 ut
716 1032 755 1079 ea
774 1010 808 1080 in
826 1035 863 1082 re
881 1008 1035 1081 consrliis
1054 1010 1249 1079 amicorum
1267 1009 1463 1103 acquiesce·

173 1154 201 1196 „
227 1131 325 1197 rem,
353 1107 487 1201 sibique
506 1108 541 1178 in
561 1104 718 1200 eoquod
732 1106 881 1201 jubebat
900 1103 1205 1198 obtemperarem,
1223 1105 1311 1174 nihil
1330 1107 1464 1198 quippe

172 1250 199 1292 „
227 1203 302 1276 sore
327 1203 489 1297 periculi.
532 1202 645 1296 Quod
672 1203 764 1272 enim
784 1203 872 1272 milri
891 1200 974 1272 esset
993 1222 1097 1290 arque
1116 1200 1183 1270 illis
1201 1201 1301 1292 supra
1319 1203 1462 1294 pollici·

172 1344 201 1389 „
227 1319 303 1388 tus,
338 1300 534 1371 indubitata
563 1299 634 1371 lide
662 1295 909 1389 praestaturum
938 1296 971 1367 se
991 1299 1025 1365 in
1044 1319 1087 1366 eo
1105 1295 1201 1388 quod
1220 1300 1374 1387 dicerer,
1401 1320 1462 1369 ae·

172 1443 199 1485 ,‚
225 1397 355 1468 minem
384 1395 460 1467 sore
485 1396 546 1490 qui
573 1393 768 1466 molestiam
797 1395 884 1465 milri
908 1392 1012 1464 ullam
1032 1391 1217 1463 exhiberet
1235 1393 1277 1463 de
1295 1394 1346 1464 his
1364 1416 1462 1489 quae·
1503 1392 1514 1410 ²
1542 1454 1545 1465 .

173 1539 201 1581 ‚,
226 1515 296 1563 cun
323 1515 367 1564 ue
392 1492 485 1586 apud
512 1489 545 1562 se
570 1489 705 1561 dictura
731 1489 848 1561 essem.
890 1489 1050 1582 Ideoque
1075 1485 1297 1572 confidenter
1323 1489 1415 1583 apud
1431 1486 1465 1562 se

175 1635 202 1676 „
229 1515 410 1697 prosette,
446 1610 526 1683 quae
554 1586 702 1658 laterent
729 1587 764 1655 in
791 1588 909 1656 animo
925 1586 1051 1678 jubet,
1079 1583 1274 1677 respondeo
1292 1587 1378 1656 nihil
1397 1584 1466 1658 esse

173 1730 200 1772 „
229 1707 266 1754 rn
293 1682 457 1777 pestore,
483 1682 578 1775 quod
599 1680 856 1776 patefacerem,
883 1680 1135 1752 conscientiam
1157 1679 1215 1770 (fit
1238 1682 1318 1752 Deo
1336 1684 1466 1779 gratia)

171 1826 198 1869 „
225 1781 381 1876 undique
398 1778 466 1852 else
487 1776 1349 1874 fineomaiscrupulotranquillamaerequietam:
1415 1781 1464 1851 ic·

170 1923 199 1965 „
225 1900 294 1972 que
320 1877 380 1951 ille
396 1875 553 1950 adhibita
572 1873 812 1948 fimilitudine.
858 1874 1197 1967 Quemadmodum,
1223 1876 1359 1968 inquit,
1386 1877 1463 1947 clri-

173 2016 200 2061 ‚,
225 1995 351 2067 rurgus
370 1974 504 2064 peritus
521 1997 562 2045 ac
580 1970 860 2045 doslusvulneri
880 1973 1052 2064 malagma
1071 1969 1235 2040 adbibere
1253 1996 1325 2044 non
1341 1968 1466 2066 possit,

175 2115 202 2157 „
229 2067 293 2138 nisr
320 2070 423 2161 cujus
450 2070 595 2142 latebras
622 2070 694 2161 ipse
719 2088 825 2161 atque
841 2066 1064 2138 altitudinem
1085 2065 1182 2160 prius
1199 2067 1269 2138 rite
1285 2087 1465 2142 accurate·

175 2205 202 2247 „
230 2183 298 2252 que
315 2164 531 2252 explorarit:
559 2164 607 2232 ita
626 2184 739 2255 neque
757 2184 826 2253 ego
846 2163 991 2231 consilia
1010 2161 1215 2253 aegritudini
1234 2181 1308 2234 tuae
1323 2188 1466 2237 accom-

173 2300 201 2343 ‚,
227 2250 372 2324 modare
397 2273 545 2347 potero,
580 2253 897 2323 nificonscientiae
916 2257 1004 2323 mihi
1023 2257 1186 2336 morbum
1207 2259 1303 2346 prius
1321 2260 1468 2353 aperias.

174 2397 203 2440 „
228 2349 321 2422 Dixi
339 2347 476 2440 rursus,
502 2347 753 2421 conscientiam
773 2370 885 2419 meam
905 2348 1001 2420 trulla
1019 2372 1055 2420 re
1072 2350 1161 2420 mala
1175 2349 1354 2444 laborare,
1378 2353 1468 2425 sanae

173 2490 202 2535 ‚‚
227 2443 314 2518 verb
333 2470 373 2519 ac
392 2447 542 2540 integtae
561 2445 635 2515 cuti
653 2442 879 2536 emplastrum
897 2447 1108 2534 admovere,
1135 2446 1323 2518 demerrtiae
1342 2448 1468 2521 videri.

174 2588 202 2632 ‚,
229 2539 344 2635 Cogis
360 2566 416 2615 me
433 2565 544 2637 ergo,
572 2541 709 2636 inquit,
727 2541 796 2612 tuis
815 2560 850 2613 te
868 2541 983 2615 verbis
1003 2563 1161 2635 premere
1171 2571 1185 2626 3
1203 2542 1339 2614 dixeras
1357 2544 1467 2617 enim·

171 2685 201 2728 „
225 2637 400 2732 Quisquis
418 2637 462 2709 ab
480 2641 623 2730 impuro
641 2636 819 2710 sacerdote
832 2637 1083 2710 sacramentum
1099 2638 1322 2734 perciperet,
1341 2639 1468 2713 Satha-

173 2781 201 2825 „
227 2756 307 2805 nam
327 2757 408 2805 eum
421 2785 432 2824 ,
462 2757 533 2805 non
552 2732 735 2806 Christum
756 2736 950 2828 percipere.
994 2736 1072 2824 lta,
1095 2737 1261 2828 inquam,
1287 2759 1360 2806 noa
1377 2735 1468 2810 dixi.

173 2881 201 2922 ,‚
228 2831 413 2903 Caeterum
434 2830 522 2900 illud
545 2831 594 2902 D.
615 2832 766 2901 Praetori
786 2854 825 2902 ac
844 2828 1238 2926 quaefitoribusdixisse
1256 2855 1312 2904 me
1331 2831 1468 2926 fateor,

171 2976 200 3018 „
225 2923 321 3023 quod
351 2924 388 2998 &
415 2925 482 2997 tibi
506 2949 600 2997 nunc
619 2922 743 2997 fassura
761 2925 856 3014 sum,
882 2949 1009 3022 nempe
1027 2926 1289 3020 quantumlibet
1308 2929 1469 3022 impurus

172 3072 200 3115 ‚,
225 3023 415 3118 contingat
433 3021 611 3114 minister,
637 3023 726 3094 nihil
746 3022 779 3092 id
798 3021 935 3094 obstare
953 3025 1062 3112 milri,
1088 3023 1174 3117 quin
1192 3021 1318 3117 spiritu
1339 3025 1468 3099 &fide

173 3167 203 3208 „
227 3142 358 3212 corpus
378 3117 512 3194 Chrilli
532 3119 567 3191 &
586 3117 723 3212 sanguis
741 3116 761 3189 a
781 3143 837 3190 me
853 3121 1081 3213 percipiatur.
1108 3119 1320 3216 Episcopus.
1346 3122 1467 3212 Quid·

174 3260 201 3303 „
226 3235 329 3306 nam,
364 3213 501 3308 inquit,
537 3215 606 3284 hoc
634 3218 761 3300 habet,
790 3216 884 3308 quod
912 3216 1008 3286 addis
1027 3217 1061 3284 in
1080 3213 1229 3307 spirito?
1268 3239 1466 3311 quanquam

173 3357 201 3399 „
227 3330 312 3402 age,
339 3309 423 3379 nolo
442 3329 477 3381 te
495 3332 536 3381 ur
564 3333 621 3381 ere
638 3309 803 3378 nimium.
846 3311 946 3397 Scit,
977 3312 1141 3402 inquam,
1167 3331 1227 3381 tua
1245 3312 1468 3405 dominatio,

174 3454 201 3495 „
228 3403 299 3474 sme
324 3402 448 3498 spiritu
469 3407 504 3479 &
553 3406 596 3478 de
624 3405 719 3475 nulla
744 3403 794 3472 est
812 3402 1018 3476 sacramenti
1038 3407 1141 3498 hujus
1159 3408 1267 3502 digna
1283 3431 1324 3479 ac
1342 3408 1468 3483 saluta·

174 3549 201 3589 „
226 3502 273 3571 ris
294 3503 489 3594 perceptio.
518 3503 600 3573 Post
619 3503 699 3573 hac
718 3498 902 3589 veniebat,
929 3500 1025 3595 quod
1042 3500 1195 3573 dicerem
1214 3501 1469 3580 sacramentum

175 3643 201 3683 „
227 3596 324 3689 quod
353 3598 389 3666 in
408 3598 529 3669 loculo
549 3595 721 3671 inclusum
741 3596 1012 3689 continebatur,
1040 3621 1164 3690 panem
1184 3598 1274 3691 else,
1299 3625 1394 3698 nego
1413 3626 1470 3678 me
1562 3646 1565 3652 ·

174 3740 201 3781 „
228 3710 381 3779 unquam
399 3690 544 3786 dixisse,
570 3717 692 3766 verum
712 3691 732 3765 a
750 3691 1000 3790 quaefitoribus
1020 3691 1124 3787 super
1142 3719 1182 3767 ea
1198 3721 1234 3769 re
1251 3698 1471 3795 interrogata

173 3784 313 3894 „quid
340 3781 524 3880 sentirem,
558 3788 795 3959 p⁰st⁰¹²b³³b
809 3786 956 3865 viciffim
984 3789 1027 3864 ab
1053 3793 1149 3887 illis,
1180 3817 1271 3891 quur
1297 3794 1472 3962 lapifdastsus

813 3909 836 3957 v
865 3908 881 3982 3
1312 3894 1406 3983 „ui
1436 3906 1485 3964 et·
