3322 4456
156 263 323 361 ΛΑΜ.
385 292 388 303 ·
487 255 529 333 R
577 230 615 330 E¹
659 251 702 330 N
738 253 790 330 Ὀ
838 248 877 324 V
927 253 961 330 Α
1007 253 1049 333 Τ.
1093 260 1148 345 Ι.Ι
1217 288 1248 350 ss,
1388 281 1458 370 153

154 412 235 465 rum
263 388 450 463 hominum
478 381 735 458 consuetudine
760 377 916 487 multum
945 378 1167 479 profecerat,
1200 407 1268 460 nec
1286 405 1362 464 erat
1378 385 1455 468 fer&

153 490 346 585 quicquam
366 488 403 558 in
423 483 614 581 poetarum
633 479 754 566 libris,
780 473 879 572 quod
897 474 1011 570 rpsum
1028 476 1191 575 sugeret,
1216 487 1273 558 ita·
1283 487 1429 582 quidem
1438 482 1465 578 ,²

153 606 195 659 ut
223 610 268 667 ex
294 585 440 656 illorum
467 580 606 675 scriptis
626 575 792 670 pleraque
810 569 1032 660 traduceret,
1058 577 1099 646 ad
1118 579 1216 653 suum
1236 583 1463 664 institutum..

153 681 216 756 Sic
243 705 289 752 ex
315 678 493 764 Tibullo,
530 671 743 766 Propertio,
778 663 925 738 Nasone
950 667 1111 759 quaerlam
1130 675 1307 754 transtulit
1323 685 1359 757 in
1377 682 1454 757 suas

152 780 307 877 elegias,
341 772 595 845 dissimulanter
620 788 758 838 tamen:
796 763 854 836 Ex
878 763 1026 835 Catullo
1043 767 1311 860 epithalamium
1330 778 1453 854 sumsit

156 871 330 946 Herculis
356 869 527 940 Ferrariae
549 865 663 936 Ducis
684 864 718 936 ὃ(
740 862 890 933 Renatae
911 861 1135 955 Armoricae,
1161 865 1342 944 Ludovici
1360 876 1455 951 ΧΗ.

157 968 358 1040 Galliarum
379 967 493 1060 Regis
512 958 610 1033 filiae.
658 958 778 1032 Vertit
795 977 913 1030 autem
936 959 1090 1054 primum
1110 961 1455 1060 Metamorphoseon

158 1063 288 1136 Ovidii
307 1063 438 1135 librum
456 1053 719 1156 elegantissime.
747 1054 936 1129 l’ostremis
954 1053 1040 1129 vero
1057 1060 1155 1132 annis
1171 1057 1265 1134 hanc
1278 1060 1456 1142 scribendi

158 1158 364 1235 facultatem
395 1157 437 1231 ad
462 1155 571 1231 sacras
597 1155 714 1228 literas
741 1151 974 1245 contulerat,
1008 1159 1156 1251 ejusque
1181 1176 1256 1232 erat
1283 1159 1456 1258 confilii,

155 1258 303 1354 rhytmo
322 1255 468 1330 Gallico
487 1252 694 1326 Psalterium
714 1273 820 1324 omne
835 1248 986 1323 Davidis
1003 1258 1219 1348 exprimere.
1269 1256 1339 1332 Sed
1358 1282 1456 1333 mor·

156 1351 459 1451 bosuhlatus,ad
503 1351 740 1447 uinquaginta
758 1369 895 1421 tantum
914 1345 1070 1423 Psalmos
1086 1350 1259 1450 absolvit,
1278 1358 1340 1452 qui
1359 1380 1456 1432 nunc
1529 1344 1537 1356 ’

153 1473 302 1541 extant,
320 1471 356 1525 at
383 1474 428 1524 ue
445 1472 494 1525 un
534 1472 620 1558 cum
639 1442 962 1558 TheodorillEZAE
979 1448 1043 1519 reli
1070 1450 1146 1559 uis,
1163 1452 1205 1525 ad
1216 1453 1335 1528 nostra
1344 1479 1461 1554 utque

154 1569 318 1723 tpmfipora
336 1475 413 1624 usui
430 1544 670 1626 ecclesiastico
688 1541 944 1642 msprvierunt,
979 1472 1322 1645 publicedecantati
1340 1555 1377 1628 in
1394 1579 1462 1648 ec·,

153 1671 279 1844 c'elplii
295 1745 424 1848 ‘autpm
454 1743 623 1820 Marotus
641 1768 735 1820 anno
758 1728 863 1840 1543.
888 1742 987 1842 quod
1004 1742 1043 1816 iu
1060 1743 1191 1825 Galliis
1206 1767 1358 1845 psopter
1375 1749 1457 1825 Lu·

153 1843 357 1919 theranismi
383 1844 445 1920 sus
466 1847 621 1919 icionem
647 1867 772 1942 parum
791 1840 876 1917 esset
895 1864 1015 1936 tutus,
1041 1842 1228 1918 Genevam
1249 1844 1281 1920 se
1299 1847 1470 1947 recipere

151 1939 204 2029 est
230 1942 394 2037 coaslus,
432 1871 603 2042 liquidem
631 1943 739 2016 variae
768 1964 851 2016 cum
880 1942 1028 2015 Theolo
1058 1942 1086 2014 is
1111 1944 1163 2016 illi
1192 1943 1458 2022 intercesserant

152 2038 349 2141 molestiae,
370 2063 520 2138 propter
538 2041 689 2152 triginta
707 2039 843 2135 priores
861 2063 951 2135 quos
961 1965 1165 2115 coniecerat
1175 2042 1346 2141 Regique
1356 2042 1460 2139 dedif

155 2158 299 2206 caverat
326 2138 504 2224 Psalmos,
563 2159 674 2228 trappe
700 2158 785 2206 cum
808 2137 893 2206 Rex
922 2134 1182 2211 traduchionem
1208 2136 1457 2238 approbasset,

154 2225 381 2322 eosdemque*
394 2229 518 2300 curavi
547 2249 584 2300 et
611 2228 794 2318 imprimi;
829 2229 1014 2311 Genevam
1042 2235 1156 2328 igitur
1182 2258 1265 2308 cum
1287 2236 1459 2335 venisset,

153 2321 289 2421 viginti
308 2322 464 2435 Psalmos
480 2319 720 2419 superioribus
738 2321 921 2417 addendo,
939 2349 1126 2403 numerum
1141 2331 1342 2426 complevit
1352 2337 1461 2431 quina,
1522 2369 1524 2375 ·

182 2444 226 2493 ua
253 2442 426 2493 enarrum.
1135 2447 1144 2459 ¹
1377 2484 1381 2493 .

155 2444 179 2518 q
202 2442 342 2591 Egodem
365 2515 440 2592 fere
458 2534 623 2613 tempore
639 2515 813 2611 Johatner
832 2511 1114 2590 CALVlNUS
1133 2518 1294 2592 libellum
1314 2524 1460 2600 emitte·

44 2649 48 2656 ·
155 2614 240 2706 bat,
275 2615 398 2712 lingua
416 2612 559 2689 Gallica
578 2613 846 2710 conscriptum,
877 2616 917 2687 de
927 2617 1118 2707 sannorum
1135 2620 1302 2788 Relppuiis
1319 2621 1393 2714 (a),
1414 2642 1465 2719 pt

152 2713 200 2805 δε,
220 2712 300 2786 haec
326 2734 412 2786 aetas
439 2711 477 2786 &
505 2709 694 2808 posteritas
718 2711 885 2802 videret,
920 2707 994 2804 qul>
1022 2713 1159 2810 delapsa
1184 2741 1205 2789 e
1235 2737 1271 2790 et
1297 2718 1460 2818 religioe

153 2810 224 2886 Sed
242 2831 283 2883 ea
300 2808 413 2886 solum
432 2802 513 2905 quac
532 2806 610 2904 ipsi,
620 2821 707 2884 nota
721 2827 841 2899 erant,
861 2806 1086 2902 recensebat,
1103 2812 1140 2886 &
1160 2814 1310 2912 optabat
1329 2816 1365 2891 in
1383 2808 1461 2895 aliis

80 2941 83 2946 ·
152 2931 299 3006 quoque
324 2906 522 3006 provinciis
540 2905 636 2982 idem
655 2904 746 2980 fieri.
795 2905 889 2981 Sunt
907 2927 1027 2979 autem
1046 2910 1082 2981 in
1097 2932 1142 2983 eo
1161 2935 1334 3006 numero,
1363 2940 1460 3013 prae·

151 3004 255 3104 sepe,
288 3030 418 3100 cunae,
452 3005 583 3095 lintea,
619 3003 865 3103 praeputium,
898 3001 1038 3101 sanguis
1057 3006 1215 3104 Christi,
1242 3015 1372 3107 partim
1393 3038 1462 3113 pu·
1492 3030 1496 3037 '

153 3127 235 3195 tus,
271 3107 399 3199 partim
420 3123 511 3200 aqua
527 3100 685 3195 dilutus,
712 3101 850 3199 hydriae
868 3104 1075 3197 nuptiarum
1095 3105 1131 3176 in
1150 3107 1250 3185 Cana
1269 3109 1460 3207 Galilaeae,

155 3201 279 3273 vinum
299 3200 396 3295 quod
416 3221 503 3274 tunc
521 3222 567 3270 ex
585 3221 675 3297 aqua
692 3197 858 3273 Christus
876 3197 987 3290 fecit,
1004 3199 1162 3300 supellex
1182 3203 1321 3277 ultimae
1340 3202 1461 3283 coenae

156 3320 263 3465 qulam
291 3297 416 3468 habulit
442 3318 526 3467 carp
555 3293 764 3464 Appstopis,
798 3293 1087 3467 psapppopopuli
1108 3298 1320 3470 Israiilipici,
1346 3291 1462 3474 epus,

156 3417 588 3606 tinniens
609 3415 857 3600 lastras„
882 3417 1225 3607 natitent
1248 3424 1463 3609 angra

159 3587 1070 3859 :saltar‘hstzaitsllltpllgsahsalt·
1089 3593 1299 3789 cslthl‘,
1315 3598 1469 3793 llas:

1429 3815 1448 3864 r

204 3891 254 3974 (a)
280 3885 753 3990 sLE1DAN.r.c.p.255.,
1109 3984 1112 3991 Ι
1340 3958 1344 3973 ,
1396 3791 1468 3913 γ’,
