3322 4456
767 313 899 409 (ιιι.)

175 445 321 551 jusdam
351 439 435 551 Adri
463 437 716 550 Parliamenti,
752 437 789 509 in
816 438 926 511 tertio
953 438 1077 536 Regni
1106 439 1217 513 nostri
1245 467 1359 536 anno,
1394 436 1488 541 apud

183 543 320 638 Westm.
348 537 454 630 fath,
489 538 588 610 brevi
614 532 782 631 affiguare
808 535 1043 631 &deputare
1070 540 1326 633 proponimus,
1363 542 1486 616 &ubi

182 662 351 714 numerus
371 632 564 732 prtedidlus
581 634 623 706 ad
643 629 831 705 reseratum
851 632 971 730 legum
991 633 1263 728 praedidlarum,
1284 638 1485 713 describen-

182 737 307 811 darum
336 735 374 808 dt
403 735 731 828 componendarum
755 730 885 803 nimius
904 732 1067 822 videtur,
1093 731 1231 804 ramerii
1250 734 1286 804 id
1305 758 1379 807 tum
1401 761 1485 829 pro·

181 856 264 933 pter
281 829 577 907 consultationem
597 827 829 922 &judicium
847 827 1012 923 supereo
1030 829 1254 921 habendum,
1280 851 1358 903 tum
1378 836 1484 907 etiam

181 949 332 1029 propter
357 926 610 1026 perfectionem
638 926 675 1000 dc
703 925 1008 1023 complementum
1037 926 1226 1000 earundem
1248 927 1357 1024 longe
1374 953 1484 1024 expe·

181 1029 281 1101 diens
307 1027 452 1119 existit,
486 1023 615 1118 nobis,
647 1022 875 1096 moventibus
902 1024 1122 1097 Confiliariis
1140 1024 1267 1097 nostris
1284 1026 1303 1096 al
1322 1026 1484 1118 secretis,

181 1127 457 1199 consentaneum
476 1125 588 1219 magis
608 1121 771 1215 videtur,
797 1121 903 1218 hujus
921 1123 971 1195 rei
990 1123 1155 1213 initium,
1176 1123 1389 1213 introitum,
1409 1126 1485 1219 pri·

180 1245 275 1297 mam
296 1222 471 1313 formam,
498 1222 534 1295 ὃ(
554 1222 784 1311 lineaturam,
811 1241 960 1293 numero
978 1227 1114 1311 suavo,
1134 1221 1196 1316 qui
1213 1218 1401 1292 doctorum
1420 1222 1485 1292 tri·

180 1322 284 1417 ginta
317 1321 385 1393 erit
421 1320 570 1414 portio,
613 1318 865 1390 committere:
910 1341 1038 1414 nempe
1064 1318 1161 1414 quast¹
1187 1319 1485 1415 praeparationem

180 1419 357 1514 quandam
375 1417 556 1512 grandiori
574 1437 725 1488 numero
743 1412 914 1488 fututam.

226 1515 463 1611 Quapropter
481 1514 526 1586 de
543 1511 752 1608 prudentia,
776 1510 943 1600 scientia,
971 1511 1212 1610 &diligentia
1232 1510 1354 1584 vestris
1373 1513 1486 1608 pluri·

177 1634 279 1685 mum
307 1609 553 1701 confidentes,
584 1611 629 1682 dc
653 1608 825 1682 sententia
840 1607 1001 1702 consilii,
1027 1613 1216 1701 novimus,
1243 1608 1280 1682 &
1298 1610 1488 1705 deputavi·

179 1732 259 1782 mus
281 1732 346 1782 vos
364 1705 622 1782 commissarios
640 1705 800 1800 nostros,
826 1707 864 1782 ὃ(
882 1706 985 1780 vobis
1003 1709 1231 1780 autoritatem
1252 1729 1315 1802 per
1331 1707 1488 1803 praelen·

177 1824 231 1880 tes
251 1809 495 1904 impartimur,
522 1824 564 1876 ut
582 1803 714 1879 loco&
726 1824 889 1901 tempore
907 1805 1099 1902 congruis,
1117 1805 1154 1879 dt
1166 1805 1407 1901 opportunis,
1425 1827 1488 1879 ce·

176 1902 317 1978 leritate
344 1905 603 1993 conveniente,
637 1925 707 1996 qua
732 1902 897 1997 poteritis
923 1904 1100 1995 maxima,
1131 1900 1275 1975 infimul
1294 1904 1487 1981 convenia·

177 2002 247 2093 tis,
282 2000 496 2097 cursumque
523 2001 644 2098 legum
666 1998 1018 2090 Ecclesiasticarum‚
1046 1999 1138 2073 infra
1156 2021 1308 2099 regnum
1327 1999 1488 2076 nostrum

177 2097 215 2168 in
242 2097 305 2169 usu
332 2097 584 2188 existentium,
611 2114 672 2168 aut
691 2097 839 2168 antehac
856 2097 910 2168 uti
929 2095 1133 2187 solitarum,
1159 2097 1353 2192 diligenter
1370 2101 1488 2195 perle-

178 2191 292 2287 gatis,
320 2190 575 2279 cnnfideretis,
603 2191 639 2262 δι
660 2189 886 2283 ponderetis,
912 2214 1028 2287 eoque
1045 2189 1161 2282 ladio,
1187 2193 1326 2263 illarum
1345 2196 1429 2266 loco
1447 2198 1488 2271 dt

178 2288 283 2380 vice,
318 2284 597 2378 collectionem,
628 2285 946 2381 compilationem,
978 2287 1195 2361 &ordinem
1217 2288 1340 2360 talium
1359 2288 1484 2389 legum

135 2466 146 2472 ,
179 2382 512 2460 Ecclefiasticarum
538 2383 748 2474 inveniatis,
783 2383 876 2458 &in
898 2382 1031 2480 scripta
1049 2383 1164 2481 redigi
1183 2383 1339 2475 faciatis,
1366 2389 1485 2482 quales

178 2483 217 2556 in
242 2481 306 2557 usu
328 2481 417 2573 elle,
443 2478 653 2580 pradicati,
680 2479 718 2553 δε
738 2481 775 2552 in
792 2480 1067 2579 quibuscunque
1084 2483 1194 2556 curiis
1209 2484 1247 2558 &
1261 2484 1485 2580 jurisdielio·

102 2589 104 2593 ’
177 2578 283 2654 nibus
309 2579 435 2653 nostris
463 2575 745 2670 Ecclefiasticis,
779 2576 871 2651 infra
893 2579 986 2653 istud
1014 2602 1164 2678 regnum
1182 2577 1341 2653 nostrum
1362 2583 1399 2656 ἃ
1418 2584 1486 2656 alia

176 2677 298 2750 nostra
315 2676 493 2769 dominia,
520 2676 674 2772 proponi
693 2674 731 2748 δε
750 2673 948 2769 publicari,
974 2677 1203 2771 descientia,
1228 2677 1417 2773 sapientia,
1445 2682 1484 2758 ὃ(

175 2775 319 2874 judicio
338 2775 460 2847 vestris
480 2771 635 2846 maxime
653 2773 842 2867 expediens
858 2770 1171 2873 fore—putaveritis.
1198 2776 1382 2849 Habentes
1392 2802 1482 2851 con·

184 2871 433 2946 siderationem
462 2872 498 2945 &
521 2868 715 2966 respectum
734 2869 896 2943 debitum
911 2873 959 2956 ¹ad
977 2892 1136 2946 tenorem
1158 2870 1279 2946 statuti
1298 2875 1482 2971 praedidli,

182 2995 250 3069 pro
275 2969 546 3066 praeservatione
564 2970 685 3068 legum
705 2967 902 3042 nostratum
922 2973 1194 3060 communium,
1220 2971 1256 3042 in
1275 2970 1337 3043 suo
1357 2974 1483 3071 vigore

181 3071 462 3161 remanentium,
488 3069 524 3141 ὃ(
544 3091 610 3161 pro
627 3066 794 3141 omnibus
812 3067 888 3141 aliis
905 3070 1112 3144 articulis&
1124 3068 1227 3149 ramis
1243 3068 1331 3142 dieti
1350 3070 1483 3147 statuti.

181 3164 232 3235 Et
259 3169 522 3261 quamprimum
549 3165 644 3260 leges
671 3163 856 3260 praedid'tae
884 3189 946 3260 per
965 3190 1027 3238 vos
1044 3167 1268 3258 adinventae,
1294 3166 1483 3260 formatae,

181 3258 368 3354 descriptae
396 3263 433 3334 &
456 3261 664 3358 compilatae
690 3259 792 3355 sunt,
820 3261 959 3334 easdem
979 3262 1095 3333 statim
1115 3262 1218 3334 nobis
1234 3263 1417 3356 exhiberi,
1444 3267 1484 3342 dt

183 3357 218 3428 in
245 3355 384 3453 scriptis
412 3358 502 3431 tradi
528 3359 717 3453 volumus,
742 3378 784 3433 ut
801 3381 857 3431 eas
873 3358 916 3437 de
936 3357 1074 3431 confilii
1092 3357 1201 3430 nostri
1221 3357 1411 3453 sententia,
1438 3362 1483 3436 de

181 3452 321 3526 refiduo
347 3459 677 3553 trigintaduorum,
715 3453 787 3528 und
812 3455 1025 3549 vobiscum,
1069 3479 1135 3552 pro
1163 3457 1333 3530 ulteriore
1360 3461 1482 3556 legum

181 3551 433 3647 praedictarum
461 3553 787 3628 Eccleliasticarum
814 3552 1052 3628 ratificatione
1079 3554 1115 3628 ἃ
1134 3552 1376 3650 perfectione,
1404 3578 1482 3630 tan·

183 3674 288 3746 quam
317 3650 636 3726 commissariorum
665 3652 895 3746 nostrorum,
927 3653 1034 3748 juxta
1059 3650 1211 3725 formam
1240 3652 1362 3729 statuti
1389 3679 1485 3752 ptaes

182 3745 291 3863 dicii,
318 3746 540 3847 conjunctim
560 3751 858 3829 nominandorum
877 3753 1169 3830 uansmittamus.

1427 3945 1488 4023 Et
