3322 4456
189 279 365 383 deliis·
418 296 421 327 ³
510 272 570 353 'R
616 274 651 351 E
699 270 744 348 N
792 270 831 346 0
880 267 919 345 V
967 273 1000 348 A
1048 273 1087 351 'l'
1135 275 1168 353 1.
1271 272 1276 279 ’
1428 292 1497 359 tut

188 405 442 507 „quantulum
456 402 563 502 sopiti
574 404 674 502 ignes
686 397 822 476 rursum
833 394 1417 501 suscitarentur,&suppliciorum
1428 405 1496 479 im·

162 509 378 602 umentem
403 502 676 578 recrudesceret.
719 499 842 590 Atque
867 516 949 567 eum
978 497 1137 589 cogitare
1159 524 1303 598 aequum
1321 502 1390 578 eise
1408 512 1494 576 ce'n·
1552 519 1555 526 '

189 604 377 698 „sebant,
396 624 469 674 non
482 603 556 698 jam
577 597 797 671 dsetantum
809 591 951 687 rogari,
970 588 1028 662 sed
1038 591 1081 662 ab
1091 599 1254 673 omnibus
1264 601 1494 694 hominibus,

192 750 222 795 „
234 724 308 774 non
327 696 371 771 ab
389 699 454 789 iis,
471 686 535 793 qul
554 689 752 791 gravissima
769 687 944 785 supplicia
961 684 1215 797 perpetiinsrnt,
1231 720 1346 794 neque
1363 701 1494 795 quiea.

189 796 314 892 „dem
332 794 604 892 pertimescant,
624 786 848 885 praesentiam
865 785 942 880 ejus
960 803 1125 881 exoptati
1134 782 1190 857 sed
1200 791 1491 893 advocariipsum

189 944 221 984 „
234 893 306 964 Dei
318 883 776 984 ChristiqueJesuvoce5„
795 883 938 957 Haec&
951 879 1183 974 similia,cum
1196 885 1493 984 Philippidescri·

190 985 365 1061 derentur
383 989 421 1061 &
440 985 711 1074 nunciarentur,
731 1005 838 1078 quam
857 981 885 1052 is
902 979 1053 1076 ancipiti
1071 977 1250 1054 districtus
1267 982 1375 1060 fuerit
1388 1013 1494 1085 cura,

192 1083 301 1160 facile
327 1085 405 1181 quis
431 1081 604 1157 assecutus
628 1077 763 1170 fuerit,
799 1075 912 1154 modo
938 1077 1025 1151 solas
1048 1076 1124 1151 illas
1148 1079 1328 1156 intueatur
1354 1083 1495 1180 literas,

95 1242 99 1250 .
192 1205 281 1282 quas
306 1182 367 1259 ille
394 1202 470 1256 tum
498 1177 730 1278 responsorias
749 1177 799 1273 (a)
834 1175 933 1249 dedit
960 1175 1003 1248 ad
1022 1176 1083 1271 Ja.
1102 1178 1312 1279 sturmium,
1337 1183 1496 1258 amicum

190 1300 372 1374 veterem,
407 1303 493 1377 quas
521 1282 571 1351 ita
598 1277 762 1361 orditur,
799 1277 883 1348 Cum
899 1275 938 1347 dr
956 1275 1098 1349 Gallicis
1114 1276 1211 1350 rebus
1227 1281 1371 1376 undique
1386 1282 1434 1353 ad
1448 1304 1499 1354 ure

187 1383 298 1456 litera
315 1385 551 1468 mitterentur,
569 1377 684 1449 maltis
699 1373 739 1446 dr
755 1379 858 1465 causts
869 1376 1414 1474 ingentemanimadolaremaccepi
1423 1378 1498 1455 &a

182 1498 227 1551 at
254 1501 300 1550 ue
317 1477 485 1572 deinceps
504 1471 674 1564 testatur,
691 1524 718 1564 „
728 1469 863 1543 nullam
881 1468 944 1541 fibi
955 1470 1075 1542 iuvita
1084 1471 1497 1551 incidisledifficiliotem

183 1503 520 1670 „deliberationem
540 1594 648 1671 quarn
667 1567 711 1643 de
730 1569 801 1641 hoc
819 1567 968 1658 itinere,
987 1589 1059 1639 non
1077 1566 1174 1739 puali
1194 1570 1398 1650 domesticis
1415 1576 1497 1650 viu·

181 1671 320 1769 „culis
338 1673 576 1762 retineretur,
594 1688 657 1741 aut
672 1664 833 1764 pericula
850 1662 1060 1762 defugeret,
1093 1664 1136 1737 ed
1155 1671 1251 1763 quod
1269 1696 1308 1745 ea
1324 1675 1430 1747 unica
1440 1675 1497 1771 ip·
1649 1738 1653 1747 .

178 1807 216 1867 ·„
224 1771 303 1846 sum
319 1770 586 1868 propemodum
606 1767 832 1841 excruciaret
850 1787 955 1854 cura,
974 1787 1018 1835 an
1036 1762 1170 1861 aliquid
1185 1768 1364 1864 proficere
1372 1769 1498 1866 poffir,

183 1869 397 1967 „quodque
413 1866 503 1943 adeo
521 1867 566 1941 de
582 1866 686 1940 exitu
700 1860 919 1960 selicepland
929 1861 1128 1959 desperaret
1139 1890 1148 1936 t
1160 1916 1187 1958 „
1207 1867 1499 1968 Subjungitindc

177 2043 184 2053 ,
215 1967 367 2042 uerelam
395 1967 440 2040 de
466 1968 625 2060 vanitate
649 1965 863 2062 opinionum
892 1962 929 2037 &
952 1960 1199 2057 judiciorum,
1238 1967 1355 2059 Dein,
1382 1968 1498 2042 vereri

246 2064 337 2140 dicit
365 2071 447 2156 (nec
464 2064 610 2159 injuria)
630 2087 674 2136 ne
691 2063 843 2136 leviores
885 2057 1003 2132 uidam
1023 2059 1165 2134 articuli
1183 2061 1385 2159 donentur,
1411 2087 1496 2163 gra·

178 2163 311 2231 ,viores-
332 2160 531 2229 obruantur
559 2160 597 2229 ὃς
624 2159 831 2254 deleantur,
860 2084 904 2228 (it
930 2156 979 2229 fic
1000 2157 1176 2231 Ecclesiae
1193 2163 1332 2236 nullum
1352 2185 1498 2262 paretur

191 2252 453 2335 commodum,
477 2249 661 2335 ,Concilio
687 2249 774 2319 vero
799 2250 1053 2341 praejudicium
1076 2254 1151 2327 fiat.
1193 2257 1384 2354 Impetrari
1402 2259 1498 2336 sorte

183 2344 253 2422 sua
273 2340 520 2420 ‘intercessione
537 2339 658 2441 posse,
684 2363 728 2413 ne
745 2341 963 2438 supplicium
982 2346 1196 2424 decernatur
1214 2353 1251 2423 in
1270 2358 1410 2452 eosqui
1429 2383 1497 2433 cu·

182 2442 517 2534 ⁴culluu'rertuunt,
544 2439 610 2536 sed
623 2438 799 2535 quidfirt,
825 2436 897 2529 ait,
921 2441 960 2513 de
977 2447 1042 2531 iis,
1067 2451 1125 2536 qai
1143 2472 1205 2517 nan
1218 2451 1361 2539 probant
1378 2454 1499 2547 abusus

188 2542 378 2639 manifestas
394 2547 430 2616 in
448 2544 588 2636 liturgia
604 2554 665 2612 aut
681 2540 773 2612 calta
789 2535 974 2608 divarum?
998 2537 1042 2607 In
1059 2540 1137 2626 has,
1147 2547 1181 2632 fi
1192 2564 1293 2636 porra
1301 2546 1497 2643 seviatur,

178 2639 365 2738 futurum,
389 2655 430 2714 ut
437 2635 651 2740 suffragator
667 2636 711 2718 ὅ
728 2634 929 2728 approbator
937 2633 1176 2730 suppliciorum
1193 2638 1260 2733 ipfir
1276 2645 1408 2718 videar.
1427 2698 1436 2717 .
1457 2699 1467 2719 .
1487 2697 1499 2722 .

184 2739 405 2835 Phalargar,
425 2735 568 2833 pergit,
585 2734 816 2808 monacharum
832 2739 961 2829 cogita,
980 2732 1025 2813 ὅ
1035 2731 1103 2830 sris
1114 2744 1494 2838 quantstntv‘rrrpnpara,

179 2835 232 2932 s?
249 2837 366 2935 quibus
378 2833 540 2928 artificiis
554 2847 689 2905 teneant
698 2829 887 2927 fascinatas
901 2831 1060 2935 nobilitat
1076 2837 1215 2909 animas.
1268 2837 1494 2937 Concludit,

178 2932 341 3009 confilia'
355 2919 506 3007 ilia-esse
524 2930 686 3020 inutilia,
703 2929 769 3002 alia
787 2925 1008 3026 periculosa,
1027 2931 1405 3025 praeterConcilium;
1426 2940 1496 3016 iter

187 3049 309 3108 tamen
325 3033 468 3106 tandem
487 3052 561 3101 non
578 3025 734 3119 recusat,
755 3025 778 3099 u
796 3026 904 3101 amici
919 3025 1107 3122 suadeant,
1126 3030 1165 3107 ὃς
1184 3032 1355 3134 Princeps
1367 3038 1495 3132 (Eleo
1514 3106 1521 3121 ,

188 3130 263 3218 tor)
282 3132 419 3204 reniam
438 3124 545 3201 eundi
564 3124 752 3201 concedat.
925 3152 928 3156 ⁴

104 3301 108 3306 .
180 3222 187 3316 ζ
236 3227 334 3303 Cum
362 3231 474 3326 igitur
500 3224 655 3297 Voraeus
679 3224 724 3296 ad
750 3224 895 3321 Regem
920 3217 1077 3296 reversus
1097 3222 1153 3319 (b)
1186 3225 1224 3299 &
1243 3226 1431 3305 studiofius
1449 3232 1494 3308 de

176 3321 352 3422 -Philippa
368 3325 468 3422 loqui
489 3320 719 3416 &prolixius
738 3321 970 3413 promittere,
997 3317 1036 3394 &
1056 3318 1081 3395 fi
1099 3322 1358 3421 accerseretur,
1385 3329 1496 3426 polli-

186 3425 262 3498 ceri
279 3425 474 3501 adventum
494 3420 602 3521 ipsius
621 3441 695 3493 non
712 3413 928 3509 dubitasset,
946 3417 997 3492 ita
1013 3414 1036 3490 i
1052 3416 1159 3520 Rege
1176 3420 1292 3497 literae
1309 3424 1389 3501 sunt
1408 3430 1495 3502 mis·

821 3513 876 3610 Q
1426 3524 1496 3603 sae:

184 3727 376 3904 piniti-ld
389 3733 536 3815 leguntur
560 3727 677 3795 insertae
703 3727 720 3792 i
738 3721 946 3794 PEZELIO
963 3684 1111 3802 Confisus
1127 3728 1334 3824 Theologicis
1350 3733 1450 3809 Tom·
1468 3739 1496 3806 Ι.

234 3924 287 4008 (r)
311 3900 902 4016 cruernn.vranre1.p.1'53.
