3322 4456
733 316 869 414 un.)

155 444 249 523 sunt.
281 443 503 518 Errarerunt
564 453 647 538 egea
664 441 735 513 mei
754 439 790 513 in
808 436 1168 532 cunhhitmontibur,
1185 441 1455 523 &intonato

156 547 250 618 colle
275 537 440 632 excelso,
466 539 504 614 &
536 561 625 634 uper
642 558 785 610 omnem
801 533 928 610 faciem
947 557 1051 609 terrae
1069 537 1212 636 dispersi
1229 540 1309 617 sunt
1325 565 1454 642 gregat

155 643 249 731 mei,
284 641 320 714 dc
348 658 420 709 non
436 655 511 708 erat
528 638 589 733 qui
609 635 820 730 requireret:
849 651 1034 721 nouerat,
1059 633 1227 728 inquam,
1252 642 1314 732 qui
1332 643 1454 739 requi·

153 758 259 811 reret.
304 736 407 825 Imo,
436 731 460 804 sr
478 735 555 830 quis
573 735 750 826 requirere
766 731 877 825 velit,
902 731 997 803 acin
1015 728 1130 803 caulas
1148 731 1308 827 Christi,
1333 741 1452 813 unita·

150 853 226 906 tem
253 834 336 905 dico
364 829 476 919 fidei,
509 827 723 901 errabundos
749 827 943 918 reducere,
977 848 1063 901 mox
1091 827 1277 926 insurgunt
1304 836 1451 909 nomine

152 930 333 1020 Pastorer,
369 926 425 999 sed
450 949 572 998 revera
598 924 698 1018 lupi,
732 926 794 1018 qui
820 948 893 996 non
911 922 1008 997 aliud
1026 921 1070 996 de
1088 946 1221 1022 grege,
1247 950 1353 1024 quarn
1370 929 1450 1024 lac,

152 1026 292 1117 lanam,
326 1025 476 1121 pellem,
509 1040 698 1117 quaerunt,
734 1022 864 1093 animas
891 1045 973 1093 cum
1002 1019 1096 1111 suas,
1130 1041 1208 1094 tum
1228 1026 1348 1121 gregia
1366 1043 1449 1120 per·

152 1123 338 1196 mittentes
355 1118 511 1194 diabolo.
547 1116 738 1213 insurgunt
756 1117 921 1213 inquam,
945 1140 987 1189 ac
1008 1119 1185 1191 Demetrii
1203 1120 1312 1194 instar
1328 1124 1449 1196 excla-

153 1237 273 1291 mant:
309 1217 385 1290 Hic
405 1215 594 1287 hacreticus
613 1212 746 1311 ubique
763 1212 881 1287 suadet
898 1214 1100 1310 avertitque
1117 1216 1264 1290 multam
1284 1217 1451 1314 turbam,

150 1313 296 1405 dicent,
322 1311 417 1410 quod
438 1335 509 1382 uon
528 1310 609 1382 sunt
626 1312 676 1381 dii
695 1310 756 1404 qui
774 1312 934 1384 manibus
953 1307 1059 1383 fiunt.

199 1413 253 1485 Hi
280 1410 381 1503 sunt,
415 1410 450 1480 hi
478 1416 594 1502 (pater
621 1406 784 1492 colende)
813 1407 914 1500 suot,
942 1409 1025 1502 qui,
1051 1406 1113 1479 sub
1132 1429 1312 1506 praetextu
1332 1410 1449 1507 perse·

150 1507 284 1602 quendi
308 1508 520 1595 haereticae,
554 1507 687 1576 ventris
713 1502 763 1574 sui
790 1508 977 1601 negotium
1003 1524 1138 1600 agunt,
1174 1510 1310 1580 inimici
1330 1509 1450 1585 cruclt

153 1602 306 1679 Christi.
348 1604 427 1695 Qui
446 1602 585 1696 quidvis
605 1603 725 1697 potius
744 1597 833 1672 ferre
853 1600 1018 1696 poliunt,
1045 1625 1146 1695 quam
1168 1626 1291 1697 puram
1312 1605 1451 1681 Christi

149 1724 217 1796 pro
243 1702 400 1798 peccatis
424 1695 552 1770 nostris
568 1695 735 1770 crucifixi
753 1697 1078 1770 annunciationem.
1120 1699 1173 1772 Hi
1193 1699 1294 1791 sunt,
1320 1703 1450 1796 quibus

148 1798 314 1873 Christus
341 1815 510 1870 aeternam
538 1795 695 1868 minatur
720 1793 1005 1886 damnationem,
1039 1818 1122 1867 cum
1151 1797 1222 1890 ait,
1257 1796 1327 1869 Vae
1344 1797 1450 1874 vobit

148 1895 288 1971 Scribae
306 1895 345 1971 δι
362 1890 551 1985 Pharisaei,
576 1891 818 1989 Hypocritae,
839 1895 900 1990 qui
917 1891 1080 1965 clauditis
1099 1915 1248 1991 regnum
1264 1894 1447 1971 caelorum

148 2013 231 2066 ante
256 1994 440 2066 homines:
465 2013 531 2063 voa
547 1990 641 2062 enim
661 2011 735 2061 non
750 1989 912 2080 intratis,
938 2012 1004 2061 nec
1021 1989 1242 2064 introeuntes
1263 1992 1373 2066 sinitis
1390 1997 1448 2067 in·

149 2107 256 2161 trarer
282 2089 336 2159 Hi
354 2086 458 2175 sunt,
483 2085 568 2179 qui,
592 2106 676 2157 cum
695 2085 760 2180 ipsi
778 2086 921 2157 aliunde
937 2083 1191 2176 ascenderunt,
1209 2091 1295 2161 alios
1316 2093 1448 2166 intrare

148 2205 221 2254 non
250 2182 380 2254 sinunt.
421 2179 534 2272 Quod
554 2199 675 2273 patet,
701 2178 784 2273 quia
804 2179 827 2249 sr
846 2182 924 2274 quia
942 2203 1004 2274 per
1020 2203 1099 2273 me,
1125 2183 1448 2281 inquit-Cluilius,

147 2279 349 2370 introierit,
383 2273 594 2365 salvabitur,
628 2276 666 2348 ἃ
683 2273 926 2369 ingredietur,
954 2273 991 2348 ὃς
1009 2276 1235 2370 egredietur,
1264 2281 1449 2373 &pascua

147 2375 327 2449 inveniet:
355 2369 392 2447 &
411 2371 448 2444 hi
465 2394 540 2442 non
557 2370 742 2443 inveniunt
761 2371 887 2465 pascua
909 2379 1104 2482 [nunquam
1122 2375 1216 2446 enim
1234 2375 1386 2462 docent)
1407 2378 1448 2455 ὅτ
1564 2402 1566 2406 ’

146 2471 235 2545 alios
254 2473 336 2569 post
354 2467 574 2560 letrahunt,
598 2488 639 2540 ut
657 2471 730 2577 non
749 2490 812 2562 per
829 2468 1037 2580 Christum,
1056 2469 1118 2566 qui
1136 2469 1229 2545 solur
1245 2471 1296 2544 est
1314 2473 1447 2549 ostium

142 2565 1474 2762 dialffialffilt‘l‘l'llrlsfllllssl'ff‘salsitas}·

142 2760 361 2859 injungunt,
392 2760 436 2832 ad
463 2757 563 2832 suum
590 2759 712 2856 potius
728 2759 927 2855 quaestum,
961 2783 1066 2870 quam
1083 2763 1279 2836 animarum
1296 2763 1445 2840 salutem

142 2856 361 2954 spedhantesr
382 2857 454 2930 hoc
471 2857 686 2948 deteriores,
735 2879 815 2929 uam
833 2857 910 2952 illi,
929 2878 992 2951 qur
1005 2857 1302 2954 superChristum
1317 2862 1446 2936 sunda·

140 2976 302 3030 mentum
321 2953 505 3029 aedificant
522 2954 685 3051 lignum,
710 2879 890 3049 doenum,
925 2954 1103 3051 stipulam.
1149 2956 1212 3031 lsti
1235 2957 1444 3035 fatenturse

141 3053 329 3129 Christum
354 3051 464 3147 scite,
497 3050 555 3125 sed
572 3049 674 3125 fabiis
691 3073 836 3150 negant.
876 3053 1046 3151 Denique
1063 3053 1100 3126 hi
1119 3051 1198 3128 sunt
1215 3056 1345 3130 urediei
1364 3056 1443 3150 illi,

139 3147 179 3221 in
203 3170 293 3246 quos
316 3153 445 3224 mulier
468 3148 551 3240 illa,
584 3149 684 3221 annia
708 3149 900 3225 duodecim
926 3149 1105 3248 sanguinis
1130 3152 1313 3247 profluvio
1332 3176 1442 3228 vexa·

140 3262 200 3333 tt,
232 3247 352 3317 omnia
378 3247 438 3320 sua
452 3243 738 3341 consumpserat,
764 3270 830 3319 nec
847 3248 1045 3344 adjumenti
1062 3248 1254 3344 quicquam
1271 3249 1442 3344 senserat,

140 3339 200 3416 sed
217 3338 372 3414 deteriau
387 3340 422 3415 se
437 3340 612 3432 habebat,
629 3340 746 3414 donec
763 3343 827 3413 rix
845 3341 987 3423 tandem
1006 3341 1049 3416 ad
1068 3343 1253 3417 Christum
1273 3358 1440 3422 venerata

191 3460 223 3510 ae
251 3435 462 3536 simulatque
487 3437 667 3512 fimbriam
693 3435 895 3513 vestimenti
922 3440 999 3536 ejua
1025 3440 1062 3509 in
1080 3437 1154 3513 fide
1172 3443 1365 3540 tetigerat,
1390 3443 1441 3520 stc

139 3460 344 3626 dt'habatur,
375 3554 419 3607 ut
445 3534 563 3609 statim
589 3539 628 3610 in
654 3558 806 3633 corpote
825 3533 862 3606 id
880 3535 994 3632 ipsum
1013 3533 1170 3612 sentiret.
1211 3541 1249 3614 Ο
1269 3542 1442 3616 mutarier

140 3647 224 3702 nem
248 3630 407 3704 dexterae
430 3630 587 3706 exoetfi?
620 3657 727 3730 quam
753 3633 791 3706 ὅτ
817 3653 889 3729 ego
914 3632 1018 3707 miset
1041 3654 1213 3728 peccator
1237 3661 1313 3714 uon
1335 3638 1443 3714 semel
1597 3658 1601 3665 ’

138 3721 248 3800 senii:
275 3730 338 3824 qui
356 3746 476 3800 tamen
491 3747 594 3803 antea
612 3754 717 3827 quam
734 3730 777 3803 ad
797 3728 984 3807 Christum
1000 3732 1123 3807 venire
1140 3737 1266 3831 potui,
1293 3735 1344 3810 hc
1360 3746 1441 3811 omo

139 3822 199 3903 ola
219 3821 981 4000 meaim'umpsemminigoarolgmadioer,
1003 3829 1443 3944 mdodroreomeslimum

152 3945 157 3954 .
811 3946 834 4000 ι
1425 3964 1443 3994 ,
