3322 4456
182 333 377 428 A,15¹45·.¹
510 328 549 402 R
598 327 633 400 E
683 325 725 398 N
776 327 813 398 0
864 321 901 396 V
951 325 984 396 A
1033 325 1070 397 Τ
1121 326 1152 397 Ι.
1411 347 1480 426 325

225 472 259 547 §.
277 454 404 531 CVII.
438 450 581 547 Igitur,
616 448 782 542 Georgio
809 470 988 520 ecarcere
1015 443 1212 539 prodesto,
1236 448 1477 540 Joannes‘Vi·

180 557 357 642 nitamus,
384 553 439 621 vir
456 545 603 633 doctus,
631 545 667 616 &
687 545 811 637 quiex
830 546 947 615 animo
968 542 1111 614 sincerae
1130 545 1310 637 religionis
1328 545 1477 638 caussae,

180 639 237 735 sed
257 651 422 734 occulte,
450 642 605 731 faveret,
631 663 651 710 e
671 638 846 734 superiore
866 641 949 712 loco
969 640 1180 711 concionem
1202 640 1326 714 habere
1340 643 1476 738 jussus,

173 773 199 822 e
226 746 381 820 Mathaei
408 742 526 836 capite
552 736 696 809 decimo
723 738 830 809 tertio
857 736 1090 820 declamavit3
1139 786 1166 825 „
1194 736 1333 808 Bonum
1361 740 1478 813 semen

179 895 208 934 ‚,
233 843 301 913 esse
327 840 474 910 verbum
506 836 596 925 Dei,
631 834 763 904 malum
789 857 875 905 veto
902 833 1057 904 haereses.
1103 832 1477 909 Haerelimenimeffe

180 937 439 1033 „opinionem
466 930 612 1021 salsam,
656 933 692 1001 dt
728 953 810 1001 cum
844 928 938 1002 sacra
973 931 1158 1022 Scriptura
1185 930 1288 1024 plane
1314 954 1477 1027 pugnan-

174 1074 207 1130 ·„
234 1054 337 1122 tem,
380 1033 417 1104 ὃ(
452 1053 532 1122 qua:
567 1051 649 1099 cum
689 1029 881 1121 pertinacia
906 1025 1179 1097 defenderetur:
1222 1050 1297 1096 eam
1324 1044 1409 1098 vero
1438 1029 1477 1103 dc

180 1183 207 1226 ‚,
233 1131 336 1226 gigni
363 1129 398 1200 δι
425 1127 470 1196 ali
497 1125 697 1222 ignorantia
722 1123 900 1216 pastorum
929 1121 1123 1193 Ecclesiae:
1154 1124 1214 1215 qui
1235 1123 1379 1218 spiritali
1398 1124 1476 1220 gla-

181 1280 209 1320 ‚,
236 1231 317 1313 dio,
353 1223 488 1313 idest,
524 1223 634 1294 verbo
660 1219 755 1310 Dei,
780 1244 845 1292 nec
874 1220 1062 1291 haereticos
1080 1221 1315 1312 convincere,
1341 1244 1406 1292 uec
1422 1245 1479 1295 er·

180 1377 207 1418 „
234 1343 345 1395 rantes
373 1321 540 1392 reducere
568 1320 602 1388 in
630 1318 722 1387 viam
749 1336 896 1389 norunt.
940 1317 1102 1407 Deinde,
1129 1318 1310 1409 explicato
1329 1316 1480 1412 Episco-

179 1473 207 1517 ‚,
232 1423 291 1515 pi,
325 1441 369 1490 ex
395 1415 545 1507 epistola
570 1415 611 1484 ad
640 1412 904 1501 Timotheum,
932 1411 1078 1501 officio,
1106 1436 1208 1483 unam
1229 1413 1296 1486 effe
1316 1414 1477 1489 haeresim

183 1570 212 1610 „
239 1511 523 1610 deprehendendi
550 1514 721 1582 rationem
750 1509 925 1598 ostendit,
961 1508 986 1581 si
1013 1510 1054 1580 ad
1084 1508 1231 1579 verbum
1261 1513 1351 1602 Dei,
1379 1514 1480 1586 velut

177 1613 275 1707 „ad
303 1611 455 1706 lapidem
484 1606 670 1702 Lydium,
712 1604 973 1695 conferatur.‚,
1032 1607 1226 1694 Tandem,
1263 1633 1344 1680 cum
1373 1633 1479 1704 pero.-

183 1708 309 1799 raslet,
352 1704 438 1796 etsi,
472 1728 553 1799 quae
579 1705 808 1793 dicebantur,
836 1723 961 1775 contra
987 1702 1181 1774 sacerdotes
1207 1702 1384 1796 facerent,
1417 1709 1481 1803 qui

179 1830 252 1880 non
269 1807 311 1878 ad
331 1802 536 1877 refellendas
562 1800 706 1873 haercses
732 1801 996 1888 convenissent,
1031 1798 1086 1872 sed
1115 1801 1157 1872 ad
1176 1823 1235 1872 eos
1256 1803 1481 1896 pleslendos,

181 1906 241 1998 qui
269 1902 427 1976 licentiae
454 1902 490 1973 ὅ(
518 1901 731 1993 arrogantiae
757 1922 881 1970 eorum
909 1897 1051 1970 obviam
1071 1900 1184 1986 irent,
1213 1921 1351 1991 tamen,
1378 1901 1480 1974 velut

179 2001 301 2071 omnia
330 1997 557 2069 succederent
583 1997 633 2067 eis
659 1995 700 2067 ad
728 2015 878 2084 votum,
904 2016 946 2068 ut
973 1993 1175 2066 consuetam
1199 1996 1386 2090 judicandi
1416 1996 1480 2071 fibi

180 2095 331 2164 formam
366 2091 621 2178 observarent,
663 2094 704 2162 ad
731 2090 967 2184 suggestum,
1012 2093 1047 2160 in
1076 2092 1212 2185 templo
1238 2093 1480 2188 exstruslum,

176 2187 386 2280 'Georgium
416 2187 643 2277 pertrahunt:
681 2187 829 2255 alterum
855 2208 899 2254 ex
928 2185 1071 2256 adverso
1090 2186 1292 2282 suggestum
1311 2192 1481 2264 conscen-

182 2281 237 2355 dit
260 2283 412 2374 Joannes
439 2278 645 2364 Lauderus,
680 2277 915 2350 Romanensrs
942 2279 1178 2353 sacrificulus:
1207 2288 1353 2380 caeteri,
1381 2289 1482 2361 velut

177 2378 225 2451 ¹ad
259 2373 522 2474 iudicandum,
564 2372 842 2447 circumsistunt.
900 2375 968 2447 Sed
997 2376 1091 2445 nulla
1114 2377 1243 2473 judicii
1270 2402 1330 2451 aut
1358 2381 1482 2456 liberae

184 2472 449 2569 disceptationis
475 2470 526 2543 ibi
552 2470 668 2542 forma
694 2470 773 2542 fuit.
818 2469 1014 2545 Accusator
1038 2475 1156 2561 enim,
1182 2497 1263 2544 cum
1282 2478 1403 2550 multis
1419 2480 1482 2550 ab·

183 2570 380 2644 ominaudis
409 2570 605 2659 conviciis,
638 2564 848 2639 odiosrffima
875 2592 1047 2663 quaeque,
1082 2591 1162 2664 quae
1189 2572 1302 2666 vulgo
1321 2572 1483 2650 adversus

182 2668 336 2764 purioris
359 2664 534 2737 doslrinae
555 2664 740 2760 magistros
759 2665 920 2763 confingi
939 2665 1073 2755 solent,
1100 2689 1181 2737 cum
1201 2665 1335 2741 summa
1352 2671 1482 2744 verbo·

181 2775 260 2837 rtim
288 2761 481 2834 acerbitate
506 2763 731 2849 detonabat,
774 2784 881 2858 atque
908 2766 957 2834 ita
984 2784 1061 2834 tum
1090 2761 1174 2834 aslis
1198 2765 1335 2861 aliquot
1363 2767 1486 2863 horis,

181 2859 387 2958 Georgius,
424 2860 458 2928 in
485 2881 600 2931 arcem
629 2858 815 2946 reduslus,
851 2862 884 2930 in
912 2858 1072 2956 praesedit
1098 2860 1269 2935 cubiculo
1295 2863 1483 2961 peruasta-

181 2962 258 3050 vit,
286 2978 412 3052 magna
430 2976 530 3048 parte
549 2958 720 3048 temporis
741 2959 775 3026 in
796 2956 930 3027 orando
943 2958 1145 3029 consumta.

228 3054 404 3126 Poslridie
422 3076 545 3142 mane,
567 3052 737 3146 Episcopi
757 3054 845 3126 duos
866 3052 1112 3126 Francrscanos
1130 3055 1172 3126 ad
1190 3080 1271 3129 eum
1291 3057 1483 3157 miserunt,

183 3150 244 3244 qui
263 3151 293 3218 ei
314 3149 590 3230 denunciarent3
626 3202 652 3238 „
666 3151 895 3220 Moriendum
917 3155 1179 3245 quamprimum
1199 3155 1285 3226 esse:
1302 3209 1328 3246 ‚‚
1362 3181 1403 3228 ac
1423 3156 1483 3230 ro·

181 3265 329 3341 guent,
354 3247 501 3334 „Num
521 3243 623 3340 ipsis,
650 3246 693 3317 de
712 3271 832 3333 more,
859 3269 1004 3337 peccata
1022 3248 1188 3320 confiteri
1209 3253 1314 3322 vellet
1339 3304 1365 3343 „
1392 3254 1482 3348 Ille,

182 3391 211 3433 ,‚
239 3341 343 3412 Nihil
366 3340 427 3412 fibi
447 3345 494 3413 rei
515 3367 596 3414 curn
619 3342 798 3414 Fratribus
811 3341 904 3432 elle,
923 3395 949 3431 „
974 3343 1176 3438 respondit:
1205 3398 1230 3437 „
1249 3371 1314 3420 nec
1333 3374 1414 3422 cum
1434 3352 1485 3427 eis

182 3488 212 3530 „
239 3438 391 3510 libenter
415 3440 696 3510 collocuturum.
733 3439 894 3523 Verum,
921 3440 945 3511 sr
965 3440 1172 3514 inanimum
1194 3445 1423 3538 inducerent,
1447 3450 1486 3523 iu

183 3583 210 3624 „
238 3536 307 3603 hoc
334 3557 463 3626 genere
484 3535 545 3607 sibi
565 3537 781 3631 gratificari,
809 3535 841 3609 se
859 3560 993 3632 cupere
1009 3537 1203 3612 sermonem
1221 3543 1384 3616 conferre
1400 3570 1486 3620 cum

182 3679 211 3720 ‚s
240 3630 385 3697 homine
406 3633 469 3701 illo
487 3634 519 3702 di
536 3632 617 3715 sin,
645 3639 705 3731 qui
726 3634 840 3728 pridie
859 3655 1093 3710 concionatus
1112 3635 1238 3710 fuerat.
1259 3692 1285 3730 ‚,
1327 3644 1361 3716 ls
1380 3667 1487 3734 cum,

183 3724 447 3831 Episcoporum
479 3730 664 3819 permissu,
701 3734 736 3804 in
763 3755 881 3803 arcem
912 3732 1079 3824 venisset,
1114 3758 1196 3808 cum
1224 3737 1390 3836 Georgio
1408 3741 1488 3816 satis

183 3824 246 3894 diu
268 3819 472 3898 Vinuamus
489 3826 720 3926 collocutus,
746 3831 910 3922 tandem,
936 3830 1056 3906 sedato
1074 3830 1185 3929 fletu,
1205 3858 1225 3907 a
1241 3858 1314 3933 quo
1332 3840 1364 3912 se
1383 3839 1487 3911 cohi·

782 3927 845 4001 Ss
866 3924 887 4026 ς’
1259 4037 1261 4040 y
1396 3930 1489 4006 'bere
