3322 4456
750 272 862 371 iss)

132 392 325 486 'Bruxeuae
342 402 518 502 primitias
537 395 776 470 immolassent
794 395 927 471 exustis
945 393 1085 468 duobus
1104 398 1459 500 monachisAugusti·

148 510 324 603 'nenstbus,
348 498 458 576 tertii>
486 501 522 571 in
542 519 720 569 carcerem
740 494 910 587 redust0‚
939 495 975 566 &
996 489 1089 565 clim
1109 495 1319 592 interfecto,
1346 521 1459 598 quum

151 606 242 677 mira
267 598 465 675 constantia
483 616 636 669 mortem
656 591 909 689 oppetiissent,
936 614 1016 689 quae
1035 614 1090 663 res
1105 591 1293 684 Judicibus
1310 592 1458 697 gravem

151 698 322 776 movebat
350 693 544 783 invidiam,
571 689 768 788 sparserunt
785 691 971 764 ridiculam
991 685 1167 780 fabulam,
1194 713 1304 763 unum
1324 720 1370 767 ex
1389 695 1459 768 iilis

145 791 348 896 ‘apparuisse
366 794 506 865 cuidam
524 789 775 886 Augustinenſs‚
801 790 862 885 qui
881 787 1067 858 nunciaret
1083 787 1213 858 animas
1232 788 1374 863 ilioru‘m
1390 790 1459 865 esse

151 880 372 981 incolumes,
406 886 504 985 quod
532 890 568 957 in
585 886 757 959 extremis
774 883 1017 981 refipuiffenr,
1044 883 1213 964 videlicet
1228 885 1301 978 jam
1324 889 1359 958 in
1378 887 1456 985 ipso

147 990 330 1061 incendio.
374 986 489 1081 quue
507 980 639 1057 fartum
659 982 831 1078 precibus·
843 981 1009 1078 Virginis
1028 981 1163 1054 matris.
1206 981 1304 1053 Nam
1326 985 1363 1057 ὅ(
1382 989 1457 1079 pri·

149 1087 210 1158 'die
238 1084 462 1158 Visrtationis
480 1080 596 1156 exusti
614 1079 715 1172 sunt,
742 1080 780 1155 &
799 1083 964 1154 Nicotaus
982 1082 1168 1151 Carmelita
1187 1102 1319 1174 magno
1339 1078 1456 1156 studio

151 1181 365 1256 sacrificium
393 1181 464 1254 hoc
492 1178 716 1275 procurirat.
756 1178 926 1274 Rogatus
952 1174 1135 1269 carnifex,
1164 1198 1312 1272 ecquam
1332 1180 1455 1274 poeni·

151 1281 276 1354 tentiae
294 1300 421 1351 vocem
439 1274 628 1351 edidissent
647 1277 683 1347 in
701 1298 741 1348 ro
771 1298 816 1366 o,
842 1275 1013 1370 negavit,
1041 1272 1096 1345 sed
1116 1295 1226 1367 quurn
1238 1275 1455 1353 ducerentur

149 1379 193 1450 ad
213 1377 355 1471 palum,
382 1377 479 1448 clara
498 1397 589 1446 voce
608 1371 725 1445 testati
743 1296 825 1445 itant
841 1370 876 1444 se
893 1373 984 1443 mori
1004 1370 1233 1463 Christianos,
1261 1373 1454 1473 &alligati

148 1478 234 1572 palo
260 1475 407 1546 admoto
436 1473 510 1570 igni
539 1494 664 1543 canere
691 1489 885 1567 coeperunt
911 1471 1097 1559 Symbolum
1115 1469 1222 1562 fidei,
1249 1494 1336 1541 mox
1353 1474 1454 1547 doxa·

145 1579 291 1671 sagium,
308 1613 310 1616 <
325 1567 369 1645 Te
395 1572 510 1645 Deum
534 1567 881 1662 laudamus,·donec
907 1565 1052 1640 flamma
1078 1589 1206 1640 vocem
1234 1566 1453 1646 interclude*
1536 1567 1538 1571 ’

148 1691 217 1746 ret.

196 1765 321 1841 Habes
346 1767 513 1864 Berqur'ni
538 1764 761 1840 conterranei
788 1764 843 1840 tui
869 1761 1006 1856 fatum,
1041 1763 1100 1837 cui
1124 1763 1213 1836 mihi
1231 1782 1334 1838 natus
1351 1761 1455 1839 fuisse
1516 1772 1519 1776 ’

146 1864 304 1940 videtur.
331 1864 391 1937 De
408 1864 533 1958 causa,
559 1868 727 1960 quoniam
745 1863 835 1936 mihi
854 1861 995 1960 prorsus
1013 1861 1139 1959 ignota
1155 1859 1228 1955 est,
1246 1870 1319 1935 non
1338 1862 1452 1938 habeo

138 1961 246 2061 'quod
264 1964 513 2059 pronunciem.
539 1961 578 2033 Si
592 1987 664 2034 non
675 1959 1146 2056 commeruitsupplicium‚
1165 1959 1293 2054 doleo,
1313 1959 1452 2036 ficom·

142 2061 304 2149 meruit,
322 2057 376 2128 bis
395 2056 514 2130 doleo.
541 2057 661 2132 Satius
679 2056 730 2129 est
748 2060 841 2130 enim
858 2058 1086 2129 innocentem
1098 2056 1454 2156 moriqudmuocene

142 2170 236 2224 tem.
278 2150 376 2221 iliud
403 2172 476 2220 non
502 2149 632 2221 dubito
651 2155 738 2245 quin
758 2152 821 2221 sibi
842 2151 1046 2243 persuaserit
1064 2152 1133 2226 effe
1151 2156 1208 2248 pia
1227 2179 1309 2249 quae
1327 2155 1451 2232 defen-

143 2246 269 2325 debat.
296 2245 398 2318 Hinc
418 2245 478 2316 illa
495 2243 621 2318 ru'ittis
638 2245 889 2340 tranquillitas.
914 2244 1078 2341 Verum,
1103 2249 1249 2340 micis,
1269 2253 1453 2331 hominem

143 2343 208 2420 de
222 2343 314 2419 facie
331 2352 513 2437 nunquam·
532 2344 631 2414 novi.
675 2342 735 2414 Ex
755 2343 808 2417 his
827 2343 888 2440 qui
908 2344 1114 2441 propiorem
1134 2368 1218 2419 curn
1237 2346 1301 2419 illo
1319 2349 1454 2423 habue-

142 2464 235 2535 jrunt
254 2440 547 2515 consuetudinem
561 2440 763 2545 diligenter
781 2432 976 2514 sciscitatus
993 2438 1070 2513 sum
1088 2442 1133 2514 de
1152 2441 1312 2540 singulis.
1339 2446 1454 2522 Erant

142 2538 267 2627 'autem
284 2539 423 2635 alioqui
441 2539 539 2634 quod
550 2536 600 2611 ‘ad
620 2535 756 2611 causam
774 2541 904 2612 attinet
920 2540 1089 2635 Berqur‘no
1102 2561 1231 2635 parum
1250 2543 1369 2639 acqui,
1387 2545 1451 2640 qui

145 2634 290 2736 ajebarr
307 2635 408 2708 ilium
428 2658 538 2708 annos
556 2655 679 2707 natum
698 2635 779 2730 plus
796 2637 913 2710 minus
932 2636 1181 2733 quadraginta,
1198 2641 1376 2737 Berquinr'i
1392 2666 1450 2716 re·

140 2737 264 2835 gionis
293 2732 501 2829 domiuum„
538 2734 642 2807 censu
662 2732 831 2826 modico,
857 2732 973 2808 ferme
990 2732 1240 2809 sexcentorum
1260 2741 1452 2836 quotannis

141 2844 425 2925 coronatorum,
457 2833 658 2917 laicumac
685 2831 881 2925 coelibem,
905 2832 1069 2923 sedritae
1085 2832 1175 2908 adei>
1194 2837 1317 2932 pum,
1342 2855 1384 2912 ut
1403 2836 1450 2915 nd
1531 2898 1535 2905 .

19 3021 22 3025 ¹
142 2930 370 3007 rumusculus
395 2928 540 3028 quidem
567 2926 812 3026 impudicitia·
835 2930 876 3004 fit
902 2954 1057 3029 unquam
1085 2932 1122 3004 in
1148 2931 1251 3007 illurn
1277 2955 1449 3027 exortura
1542 2935 1545 2940 ’

142 3027 237 3103 mird
264 3029 441 3126 benignus
468 3028 503 3101 in
528 3027 663 3099 amicos
690 3026 727 3102 δε
753 3050 908 3125 egenos,
934 3028 1233 3106 constitutionum
1252 3056 1294 3106 ac
1313 3035 1450 3110 rituum

139 3124 481 3199 ’Ecciefiasticorum
502 3122 846 3219 observantiiiimus‚
873 3126 963 3223 putri
981 3127 1272 3226 praescriptorum
1288 3133 1448 3230 jejunio·

141 3224 246 3312 ium,
271 3220 408 3295 dierum
428 3223 630 3312 sacrorum5
656 3221 847 3313 ciborum,
872 3221 1073 3316 missarum,
1100 3231 1340 3319 concionum,
1367 3230 1449 3304 &fi

139 3319 214 3414 'qua
236 3315 316 3390 sunt
333 3319 401 3392 alia
417 3342 499 3418 quae
515 3342 602 3392 cum
623 3318 765 3414 pietatis
783 3317 901 3390 frueu
920 3312 1066 3417 recepta
1082 3321 1174 3395 sunt.
1209 3324 1448 3404 Alieniffimus

140 3414 188 3489 'ab
216 3416 316 3486 omni
344 3413 453 3509 fuco,
475 3417 626 3513 ingenio
644 3415 759 3489 libero
777 3440 818 3487 ac
836 3412 956 3509 reem,
983 3413 1082 3512 quod
1101 3420 1264 3517 injuriam
1284 3448 1350 3496 nec
1368 3428 1449 3499 cui·

142 3535 249 3607 quam
276 3511 393 3586 facere
418 3515 550 3606 vellet,
585 3535 700 3612 neque
717 3509 739 3585 d
754 3535 936 3611 quoquam
956 3538 1018 3610 per
1045 3517 1093 3588 eti
1112 3517 1247 3612 posset,
1273 3520 1450 3600 duntaxat

137 3608 331 3705 ‘infignem
358 3609 417 3682 Ab
436 3611 602 3686 instituto
612 3614 759 3688 Latheri
777 3609 974 3706 plurimum
991 3538 1214 3688 aihorrebat.
1241 3617 1449 3713 Quidmui·
1494 3673 1499 3681 -
1521 3632 1525 3639 ’

139 3704 213 3778 tis?
242 3704 439 3818 Negabant
456 3712 649 3808 quicquam
668 3709 737 3785 effe
753 3710 792 3782 in
810 3710 909 3805 vita,
929 3710 1027 3810 quod
1045 3735 1116 3787 non
1126 3714 1268 3791 deceret
1280 3720 1448 3817 Christia-

135 3805 218 3882 'nam
236 3824 421 3903 pretatem.

135 3906 152 3951 ²·
754 3902 794 3978 G
823 3925 839 4002 3
1360 3910 1448 3988 Hoc
