3322 4456
784 323 894 414 (2⁶)

192 466 301 545 quar,
334 444 489 519 credens·
501 444 536 516 in
554 441 705 518 domino
724 448 821 539 quod
840 470 966 519 verum
987 446 1052 543 lit,
1078 449 1176 547 quod
1195 451 1275 550 plus
1291 454 1500 554 synceriori0

195 544 394 642 theologiae
416 549 450 617 in
470 544 568 616 libris
587 542 767 640 praedislis
786 547 1017 636 continetur,
1046 572 1150 639 quam
1172 552 1208 622 in
1227 557 1392 631 omnibus
1411 562 1498 635 scri·

196 644 269 739 ptis
286 647 446 716 omnium
467 644 749 731 monachorum,
776 645 836 736 qui
856 641 876 712 zi
896 646 1076 737 principio
1094 645 1251 722 fuerunt.
1283 653 1342 727 Da
1360 662 1499 732 veniam

198 737 315 813 lestor
342 745 503 837 optime,
529 738 626 834 quod
645 761 681 811 te
701 740 829 809 horum
852 740 1103 832 pharisaeorum
1125 745 1263 819 insaniis
1282 755 1418 827 tamdiu
1436 783 1499 830 oc·

198 841 381 933 cuparitn:
411 843 472 935 qui
492 860 531 910 ut
551 838 650 908 brevi
670 837 908 927 concludam,
934 840 1021 910 mihi
1040 865 1107 936 pro
1126 842 1198 914 Dei
1218 850 1369 924 veritate
1388 855 1505 927 zelan-

200 938 253 1028 ti,
279 955 351 1010 tam
370 939 492 1035 gravia
511 936 731 1024 intulerunt,
758 934 989 1032 inieruntque
1006 939 1124 1011 adhuc
1143 942 1333 1038 omnibus,
1360 953 1421 1046 qui
1442 977 1505 1049 pa·

201 1035 250 1205 pis
269 1033 450 1113 sententiae
469 1035 571 1123 sunt,
591 1031 688 1128 quod
706 1055 772 1102 ncc
792 1033 956 1126 plurimis
974 1036 1071 1107 libris
1092 1038 1230 1131 possent
1249 1046 1409 1120 universa
1419 1074 1506 1122 con·

218 1133 323 1207 cribi.
1139 1152 1142 1158 '

252 1231 305 1302 Hi
330 1227 409 1301 sunt
433 1226 495 1320 qui
520 1223 553 1297 se
580 1218 820 1295 Observantes
845 1221 914 1294 esse
940 1225 1169 1323 supercilioso
1199 1233 1309 1305 titulo
1325 1238 1507 1331 jasiitant.

203 1326 370 1403 Christus
397 1322 490 1393 Luc.
515 1342 569 1410 ¹7·
603 1322 717 1391 dicit:
762 1322 858 1390 Cum
888 1319 1045 1396 feceritis
1070 1329 1189 1399 omnia
1215 1351 1297 1423 quae
1326 1359 1512 1437 precepta

203 1423 285 1501 sunt
312 1421 435 1507 vobis,
471 1419 604 1508 dicite,
638 1415 727 1487 servi
749 1416 893 1490 inutiles
911 1418 1041 1495 sumus.
1084 1425 1143 1497 llli
1164 1450 1271 1520 vero,
1298 1454 1339 1505 ut
1358 1438 1415 1507 vel
1433 1438 1513 1533 ipso

103 1595 111 1613 ,
205 1521 315 1593 etiam
340 1518 505 1605 nomine,
531 1538 592 1586 eos
610 1512 716 1587 sancti
734 1514 835 1586 verbi
854 1539 1125 1615 contemptores
1143 1524 1210 1597 else
1229 1525 1336 1625 scias,
1363 1532 1512 1608 dicunt:

206 1615 447 1692 Observantes
481 1611 614 1684 sumus.
665 1611 861 1684 Universos
893 1616 1025 1688 debinc
1052 1624 1312 1696 monachorum
1342 1629 1451 1704 slatus
1478 1635 1515 1705 in

205 1713 302 1790 suam
330 1712 387 1782 isti
417 1728 601 1783 traxerunt
628 1706 859 1797 sententiam,
886 1731 928 1780 ut
949 1733 993 1779 ex
1011 1715 1180 1784 omnibus
1194 1718 1269 1807 jam
1286 1722 1516 1801 inveniantur

236 1814 274 1886 ui
292 1806 517 1883 observantes
534 1803 647 1874 velmt
664 1802 847 1899 appellari.
883 1801 1021 1874 Nullus
1038 1805 1203 1895 profesio
1221 1813 1385 1885 ecclesrae
1405 1821 1516 1891 Chri·

206 1837 252 2005 δί
279 1903 394 2072 masgis
418 1902 546 1975 nocuit
575 1922 753 1998 unquam,
787 1897 994 1973 hominibus
1021 1896 1118 1996 illis,
1151 1901 1385 1981 observantia
1405 1916 1517 1988 titulo

246 2025 382 2075 onors
1210 2038 1213 2045 ·

204 2006 421 2188 glVerum,
456 2095 542 2194 quid
571 2096 727 2194 syncerae
754 2093 1013 2171 observationis
1041 2094 1078 2169 in
1105 2098 1155 2172 eis
1181 2095 1249 2171 effe
1275 2103 1422 2198 potest,
1455 2109 1518 2203 qui

209 2219 279 2272 aec
298 2196 460 2293 regulam
479 2196 624 2294 quidem
642 2195 738 2271 suam
751 2195 993 2293 intelligunt,
1018 2213 1133 2292 neque
1151 2196 1521 2296 intelligerevolunt?

211 2297 302 2372 Scio
329 2286 425 2371 enim
452 2312 626 2389 quantum
644 2319 702 2368 me
720 2291 935 2385 afflixerint,
961 2295 1143 2368 decadem
1163 2298 1260 2370 varia
1277 2297 1522 2395 saepenumero

211 2416 274 2473 aut
299 2395 560 2486 declarantem,
595 2414 657 2468 aut
681 2391 973 2489 colloquentem:
1001 2393 1290 2492 quandoquidem
1308 2397 1404 2470 illius
1422 2400 1521 2473 zelo·

210 2514 263 2571 tes
291 2506 382 2592 plus·
399 2516 505 2592 aequo
527 2490 718 2587 aliquando
736 2489 789 2562 fui
806 2513 959 2588 acerque
977 2492 1128 2562 nimium
1149 2493 1307 2588 eJusdem
1325 2498 1520 2595 transgres-

214 2593 352 2667 fiones:
388 2594 443 2670 sed
472 2592 632 2664 nondum
660 2584 847 2662 reseratum
873 2609 949 2663 erat
972 2587 1201 2681 sepulchrum
1224 2591 1363 2665 domini
1380 2597 1522 2692 glorio·

215 2689 317 2780 sum,
344 2715 411 2764 nec
429 2689 566 2762 ablatus
586 2689 822 2758 humanorum
843 2708 993 2782 operum
1012 2710 1053 2758 ae
1072 2691 1186 2763 carnis
1205 2689 1384 2784 sapientiae
1404 2695 1522 2784 lapisa

214 2785 392 2883 praeclaro
419 2784 597 2878 evangelii
623 2799 890 2881 monumento,
923 2803 997 2876 quo
1021 2784 1183 2855 amabilis
1209 2787 1266 2853 dei
1292 2786 1520 2875 eloquiorum

213 2884 344 2955 veritas
363 2885 636 2972 contegebatur.
875 2934 880 2939 .

260 2975 349 3047 Heu
367 2994 539 3068 quantum
559 2968 610 3041 fui
628 2964 802 3039 sedulius.
829 2965 904 3054 At,
921 2986 1028 3056 quem
1048 2984 1120 3038 non
1138 2965 1353 3045 seduxerunt
1373 2973 1429 3047 isti
1451 2979 1519 3052 ob·

186 3102 189 3108 λ
213 3069 421 3153 servationis
448 3067 536 3142 sacri
561 3060 738 3159 evangelii
765 3059 928 3133 acerrimi
948 3058 1090 3136 hostes?
1120 3066 1211 3138 Non
1229 3068 1442 3147 sustinebant
1462 3079 1522 3152 dei

217 3168 362 3266 eloquia
389 3163 710 3266 pronunciantem,
739 3157 1041 3257 persequebantur
1059 3184 1127 3260 pro
1144 3167 1282 3262 regulae
1300 3168 1521 3249 observatio·

218 3293 263 3344 ne
279 3270 469 3341 zelantem.
513 3260 617 3362 Quid
633 3282 723 3358 ergo
742 3256 899 3331 iecissem
918 3276 1002 3332 cum
1021 3262 1139 3359 impiis
1158 3265 1256 3337 illis?

221 3388 225 3395 ·
260 3368 441 3461 'Acceptis
458 3365 573 3461 igitur
591 3353 842 3439 commiffioois
861 3365 918 3450 (ut
937 3367 1085 3447 vocant)
1105 3363 1217 3434 literis
1236 3363 1279 3435 ad
1299 3367 1432 3442 ordinis
1444 3371 1522 3443 Ge·

217 3466 397 3555 ueralem,
422 3483 483 3536 aut
502 3458 821 3557 Vicegen'eralem,
844 3453 865 3528 ὲ
884 3456 1014 3531 Galliis
1031 3461 1112 3532 veni
1129 3462 1166 3530 in
1187 3462 1438 3552 Germaniam,
1458 3470 1523 3543 ubi

221 3563 498 3660 opportunitate
524 3578 697 3655 accepta,
732 3553 967 3650 pharisaicum
995 3555 1360 3668 illud-tegumentum
1392 3566 1525 3662 rejeci,

220 3659 334 3745 sciens
361 3657 458 3756 quod
477 3657 567 3731 nihil
586 3656 693 3730 saciat
711 3654 753 3726 ad
773 3653 1109 3749 Christianismum,
1136 3667 1184 3727 lic
1203 3659 1259 3731 vel
1282 3658 1350 3753 sic,
1377 3661 1445 3735 hoc
1466 3667 1525 3742 vel

222 3759 289 3847 illo
307 3757 432 3836 colore
448 3755 580 3830 vestiri.
623 3751 824 3833 Testificor
839 3775 961 3827 autem
979 3778 1098 3827 coram
1118 3756 1289 3849 domino,
1316 3763 1411 3855 quod
1432 3785 1523 3835 nun.

299 3881 333 3939 u
354 3880 416 3937 eos
442 3851 658 3954 reliquissem
673 3850 758 3947 ,a
781 3850 1071 3953 satiaverimus·
1088 3856 1307 3951 evangelicae
1334 3858 1524 3953 libertate,

861 3988 866 4005 ¹
882 3980 888 4011 ¹
1428 3960 1524 4052 apud
