3322 4456
163 447 300 536 Porro,
335 466 446 540 quum
473 441 553 515 ha‘e
580 464 634 516 res
656 443 774 537 ampla
795 443 836 515 fit
856 444 892 516 δε
911 438 1045 534 sanda,
1070 443 1213 539 Regem
1232 442 1303 517 hoc
1322 441 1466 534 conari,

211 562 254 617 ut
276 543 338 614 sint
358 540 551 613 concordia
571 539 756 612 Ecclesiae.
791 541 920 633 ltaque
940 540 1132 611 Oratorem
1151 540 1339 632 aliquando
1357 537 1466 636 egisse

211 641 283 712 hoc
302 640 447 707 nomine
465 659 547 707 cum
567 637 720 709 Ducibus
737 636 924 727 Bavurt'ae,
942 659 1066 708 verum
1085 659 1145 707 eos
1160 637 1276 707 multo
1291 635 1466 708 morolio·

212 758 266 806 res
294 733 501 805 Sorbonicis
527 736 633 805 etiam
662 733 865 829 Theologis
885 734 1071 815 inventos;
1099 734 1260 822 quamvis
1280 756 1394 826 nuper
1416 730 1465 806 fic

212 828 364 921 fradlos,
399 849 439 899 ut
457 831 692 922 Bouuccurstus
710 829 894 900 meliorem
914 827 1174 924 responsionem
1194 828 1338 899 daturos
1358 827 1466 922 polli-

214 938 375 997 ceatur:'
395 925 543 996 meliora
569 930 673 996 etiam
702 929 915 1018 promittere
940 925 1111 1019 Pstugium
1137 924 1181 996 de
1208 922 1269 995 suo
1297 924 1466 1020 Principe

94 1054 96 1059 ’
214 1023 321 1093 Duce
340 1023 497 1116 Georgio,
525 1022 561 1092 &
580 1022 623 1093 de
643 1022 890 1116 Archiepiscupu
907 1023 1116 1116 Muguntinu.

168 1120 346 1193 Praeteren
372 1115 601 1213 gratiffimum
630 1119 728 1212 Regi
754 1117 940 1206 futurum,
969 1119 993 1188 li
1021 1118 1094 1189 duo
1114 1118 1168 1188 vel
1188 1135 1258 1189 tres
1276 1138 1320 1187 ex
1339 1112 1466 1188 nostris

215 1216 364 1286 eruditis
383 1217 419 1284 in
439 1215 593 1285 Galliam
613 1216 840 1286 mitterentur
858 1215 899 1285 ad
919 1213 1055 1308 ipsum,
1081 1237 1201 1285 coram
1218 1237 1261 1285 eo
1280 1214 1333 1284 his
1352 1213 1395 1283 de
1410 1235 1466 1285 re·

216 1311 286 1384 bus
305 1311 536 1383 collocuturi.
570 1312 711 1408 Regem
729 1314 823 1383 enim
841 1311 1084 1383 adhibiturum
1103 1311 1288 1402 colloquio
1305 1309 1467 1381 erudito·

214 1431 318 1498 rum,
353 1409 390 1480 ὅ(
418 1408 637 1479 Sorbonicos
656 1405 925 1497 morosrlsrmos,
952 1408 988 1481 de
1007 1409 1069 1503 qui
1088 1407 1274 1480 nobiscum
1294 1404 1468 1500 sentiant,

208 1504 258 1574 ud
277 1503 467 1575 eruendam
488 1505 673 1575 veritatem
694 1504 961 1602 Evangelieam.

165 1599 354 1672 Caeterum
383 1600 426 1670 de
455 1600 560 1689 loco,
595 1625 662 1695 pro
688 1600 849 1671 habendo
876 1600 1054 1689 concilio,
1088 1600 1229 1694 Regem
1251 1597 1298 1669 src
1316 1598 1467 1694 sentire,

215 1720 289 1767 non
308 1695 597 1769 consentiendum
616 1722 636 1768 a
653 1696 779 1769 nostris
794 1697 1019 1791 Principibus
1031 1697 1067 1770 &
1079 1695 1284 1787 ordinibus,
1302 1695 1366 1775 nist
1378 1721 1469 1768 con·

213 1791 314 1865 sultis
345 1791 427 1889 ipfis
455 1795 620 1890 Regibus
646 1793 836 1866 Gallorum
864 1795 902 1870 ὃς
930 1795 1146 1890 Anglorum.
1189 1792 1289 1864 Idem
1317 1789 1467 1870 viciffim

218 1888 310 1983 ipsos
329 1912 471 1984 quoque
489 1892 610 1987 Reges
629 1890 794 1964 fadluros.

168 1985 309 2059 Adhaec
336 2010 408 2056 non
434 1986 502 2059 esse
527 1987 753 2076 consultum,
779 1985 912 2060 etiamst
932 1986 1080 2058 omnino
1099 2010 1189 2082 opus
1208 1984 1250 2058 lit
1269 1985 1466 2079 Concilio,

216 2101 258 2152 ut
284 2105 380 2151 nunc
407 2081 595 2155 habeatur:
634 2082 658 2152 st
676 2085 770 2154 enim
789 2107 885 2154 nunc
904 2083 990 2172 fiat,
1015 2081 1198 2173 futurum,
1224 2105 1264 2156 ut
1283 2085 1468 2163 melior&

216 2173 331 2246 sanior
350 2197 429 2268 pure
444 2199 464 2248 a
480 2179 615 2271 majore
633 2179 798 2249 vincatur
816 2179 852 2249 &
872 2180 1108 2271 opprimatur.
1161 2171 1167 2181 ’

171 2267 275 2344 Olim
304 2293 448 2366 quoque
469 2269 688 2343 aPontilice
706 2274 876 2343 Romano
895 2275 1035 2366 Regem
1057 2271 1246 2345 Gallorum
1265 2272 1303 2345 &
1320 2275 1468 2370 Regem

217 2366 393 2440 Navarrae
422 2368 540 2534 regnis
566 2368 747 2462 privatos,
781 2369 877 2464 quod
903 2365 1100 2458 sensissent,
1126 2392 1197 2440 non
1216 2369 1328 2441 solum
1348 2395 1366 2441 a
1386 2373 1469 2443 Ro·

214 2487 321 2536 mano
348 2463 454 2536 Ponti
486 2487 548 2555 ce,
583 2463 639 2536 sed
665 2464 770 2536 etiam
789 2466 833 2538 ab
855 2468 1072 2560 lmperatore
1092 2467 1126 2539 ὅ(
1148 2466 1312 2561 regibus,
1339 2468 1466 2539 conci·

215 2559 304 2631 lium
324 2560 392 2632 esse
409 2559 651 2633 indicendum.
677 2561 872 2660 Hodieque
891 2583 1030 2648 tantum
1052 2564 1122 2633 hoc
1141 2565 1284 2633 nomine
1295 2564 1468 2659 occupari

214 2678 235 2728 a
260 2654 399 2728 Caesare
424 2679 573 2754 regnum
603 2658 801 2748 Navarrae,
837 2657 933 2755 quod
960 2659 1045 2728 olim
1076 2657 1123 2730 src
1151 2661 1352 2752 privatum,
1380 2663 1467 2734 Rex

213 2751 466 2921 {terminandus¹
485 2753 757 2851 Hispaniarum,
791 2757 934 2855 Regem
954 2755 1131 2828 Navarra:
1149 2781 1192 2828 eo
1212 2780 1323 2857 regno
1342 2755 1469 2832 excus-

269 2871 317 2923 et.

166 2946 211 3021 ln
229 2947 384 3041 summa,
404 2948 546 3044 Regem
565 2949 705 3047 optime
721 2949 913 3025 animatum
931 2947 1001 3023 ess‘e
1018 2950 1060 3023 ad
1080 2948 1339 3042 lamecensem,
1360 2972 1469 3047 atque

215 3046 355 3211 placere
375 3043 438 3117 srbi
457 3047 577 3118 locum
598 3048 746 3121 concilii
762 3046 924 3123 securum
945 3050 980 3122 δι
1002 3066 1144 3140 tutum,
1171 3048 1232 3119 ubi
1253 3069 1334 3120 tuto
1353 3050 1469 3122 cuivis
1496 3122 1502 3133 ,

229 3143 340 3215 iceret
359 3142 566 3214 sententiam
588 3143 718 3218 dicere.

170 3233 310 3308 ndnaec
330 3240 470 3334 Regem
490 3240 676 3330 arbitrari,
702 3238 803 3313 valde
821 3241 1075 3336 profuturum,
1103 3238 1125 3310 fi
1147 3240 1329 3332 Principes
1344 3239 1467 3313 &Or-

216 3330 314 3403 dines
338 3334 449 3406 literis
466 3355 569 3408 orent
587 3359 633 3408 ex
654 3336 725 3409 ltoc
743 3355 925 3408 conventu
945 3336 1087 3430 Regem
1107 3333 1297 3407 Gallorum
1317 3360 1384 3430 pro
1402 3360 1468 3409 ex·

216 3427 335 3501 ulibus
362 3429 505 3502 nomine
523 3433 728 3530 religionis,
756 3451 796 3503 ut
814 3456 873 3504 eos
893 3429 1077 3521 restituat,
1103 3431 1250 3527 nequid
1269 3431 1382 3505 fraudi
1403 3433 1469 3528 fit,

214 3525 314 3619 quod
331 3527 480 3623 quisque
494 3524 658 3624 senserit,
683 3529 838 3621 dixerit,
862 3529 992 3626 egerit.
1033 3529 1210 3628 Hucusque
1229 3532 1436 3628 Spoletinus.

1346 3887 1519 3991 Νιιιιι.χ
