3322 4456
376 241 906 405 recursa
964 289 1015 398 r
1069 233 1104 398 r
1165 288 1216 393 ο.-

151 487 267 588 dum
293 514 566 626 gemuerat,
604 478 900 600 excutiendi,
940 507 1128 603 tamen,
1167 474 1297 618 quod
1315 483 1455 579 Hena

149 633 274 726 ricus
310 632 377 725 ita
416 660 517 723 non
553 618 831 719 stabiliverit
865 613 1309 740 Reformationem,
1374 649 1454 718 aut

150 795 456 903 repurgatam
487 759 753 857 doctrinam
783 786 992 890 unquam
1017 749 1153 849 suerit
1178 793 1252 856 am
1291 757 1450 882 sexus,

153 903 275 1001 aden
341 925 523 995 certum
582 888 685 1014 est,
749 924 890 1030 quarn
939 890 1069 1029 quod
1118 791 1448 1016 caussarum,
1491 1008 1495 1014 ¹

143 1034 309 1160 Quod
349 1038 505 1154 enim,
558 1063 639 1168 per
677 1065 872 1129 ornnem
909 1038 1089 1148 vitam,
1114 1026 1246 1128 ¹licet
1272 1036 1299 1126 a
1325 1040 1455 1168 Papa

154 1174 330 1277 asienus
348 1251 363 1298 ,
414 1207 476 1310 pa
510 1166 692 1269 isticam
731 1197 893 1269 tamen
931 1167 1198 1266 doctrinam
1238 1165 1456 1304 &secta-

150 1341 224 1414 tus
259 1310 344 1435 fit,
395 1205 698 1416 &somines
724 1315 767 1406 ei
793 1307 1004 1407 addictos
1029 1309 1230 1430 foverit,
1269 1340 1325 1404 ex
1354 1340 1458 1405 cer·

148 1455 210 1550 tis
247 1445 434 1547 constat
469 1483 625 1545 rerum
663 1445 990 1570 documentis,
1039 1446 1205 1574 Quid?
1252 1444 1383 1583 quod
1406 1457 1456 1545 &
1591 1551 1593 1554 ,

151 1584 387 1689 summum
413 1593 509 1723 ejus
537 1618 651 1722 erga
675 1585 987 1722 Evangelicos
1011 1583 1204 1706 odium,
1232 1618 1333 1682 non
1355 1618 1457 1684 uno
1597 1657 1601 1665 -

149 1725 459 1829 declaraverit
482 1722 723 1846 facinore,
762 1725 955 1862 quando
981 1737 1026 1822 &
1052 1723 1312 1824 emendatae
1337 1722 1457 1823 docz

150 1872 285 1967 trinae
320 1857 600 1964 confessores
628 1859 707 1961 sua
734 1871 1013 1963 auctoritate
1037 1860 1253 2004 jussuque
1279 1859 1459 2000 gravis-

151 1998 267 2107 sime
304 2017 351 2102 &
394 2003 453 2102 ad
492 2033 700 2102 mortem
741 2038 885 2152 usque
925 1998 1183 2141 persecutus
1220 1997 1285 2102 est
1301 2053 1318 2124 5
1379 2006 1459 2104 Ut

153 2172 322 2276 parum
360 2177 550 2275 quoque
588 2137 816 2260 abfuerit,
865 2148 981 2279 quin
1017 2137 1098 2239 sub
1119 2141 1312 2240 ultimis
1333 2145 1459 2241 uitae

154 2275 346 2392 diebus,
396 2305 537 2388 eum,
587 2308 730 2405 quem
758 2284 1031 2415 ceteroquin
1056 2285 1178 2378 tanti
1205 2277 1460 2378 aestimave'·

152 2443 255 2532 rat,
286 2440 334 2511 at
370 2445 428 2508 ue
450 2412 627 2505 intimo
653 2401 1014 2544 prosequebatur
1040 2416 1228 2532 affectu,
1256 2413 1461 2511 GRAN-

158 2545 313 2645 MER
356 2546 424 2639 M
430 2539 1461 2681 inquamArchiepiscopum,&Catharinam

154 2715 344 2842 quoque
366 2675 696 2779 PARRJAM
708 2684 976 2816 Reginam,
1004 2682 1132 2819 quod
1148 2679 1460 2787 Lutheranise·

155 2854 224 2919 mr
250 2813 599 2938 accusarentur,
628 2847 770 2955 atque
797 2815 985 2918 haeresrn
1012 2855 1115 2920 earn
1142 2821 1303 2923 fovere
1329 2825 1459 2925 dice-

155 2989 345 3078 rentur,
387 2964 438 3054 in
476 2953 755 3089 supplicium
794 2953 996 3058 traxisset
1033 2995 1088 3059 ac
1116 2969 1181 3060 Pa
1216 2959 1459 3068 isticorum

160 3092 483 3196 accusatorum
520 3092 706 3193 srbrdrnr
741 3090 1061 3218 sacrificasset,
1112 2997 1212 3197 niis
1237 3097 1461 3241 singulari

159 3232 464 3335 Providentia
492 3231 682 3354 divina,
733 3235 863 3370 quod
885 3243 936 3332 in
962 3231 1063 3369 ipso
1089 3234 1184 3333 hoc
1212 3245 1372 3375 Opere
1395 3241 1461 3343 est

158 3367 431 3608 Ostesssum'
493 3372 754 3509 periculum
801 3372 931 3512 quod
977 3373 1069 3474 illis
1107 3376 1456 3510 intentabatur,

163 3544 280 3607 evas
320 3539 430 3633 ent;

79 3762 85 3771 ι
229 3654 308 3744 Ne
327 3655 430 3810 jam
455 3647 514 3747 de
540 3653 774 3783 martyriis
798 3647 1007 3754 Thomae
1028 3651 1457 3786 CROMWELLI,

163 3779 364 3885 Robertr
399 3783 765 3988 BARNESIL*
789 3793 863 3914 Iu.
892 3789 1247 3899 LAMBERTI
1266 3811 1311 3896 &
1340 3797 1464 3897 alio-

789 3925 879 4070 *3
1115 3957 1120 3969 “
1320 3966 1465 4060 rum,
