3322 4456
742 310 757 400 t
772 306 875 407 us)
981 399 988 409 .

162 469 204 519 ac
228 441 372 519 tandem
401 439 477 514 nhil
493 438 606 536 magis
621 438 767 534 optavi,
792 461 896 535 quam
910 453 979 529 ut,
1006 426 1055 511 lic
1074 438 1209 516 reddita
1227 444 1315 519 milri
1334 442 1460 518 laetitia

157 540 313 616 salutaris
338 540 410 629 sui,
444 537 569 633 spiritu
596 559 653 608 me
679 534 740 607 suo
767 555 955 647 utcunque·
977 534 1229 630 confirmaret,
1263 562 1304 616 ut
1325 545 1460 616 virtute

158 638 330 711 nonnulla
355 636 504 708 donatus
531 657 576 706 ex
601 633 697 723 alto,
723 631 888 705 docerem
907 653 1050 727 rnrquos
1067 634 1139 706 vias
1156 636 1253 729 ejus,
1279 638 1459 733 quaesunt

157 732 399 807 misericordia
417 732 454 805 &
472 731 622 821 veritas,
639 747 680 800 ut
699 729 800 824 impii
818 729 860 802 ad
879 727 1014 824 ipsum,
1031 751 1094 823 per
1111 754 1168 803 me
1185 732 1272 803 olim
1292 737 1458 827 impium,

82 862 84 868 ·
157 849 466 903 converterentur.
510 826 622 918 Quod
649 825 732 896 dum
752 849 817 921 pro
836 828 930 898 virili
950 848 1063 897 conor
1080 827 1173 920 apud
1193 829 1242 901 R.
1262 829 1311 901 D.
1332 831 1460 903 Caedi·-

157 927 296 1017 nalem,
321 949 363 997 ac
381 945 477 996 tuam
495 923 779 1014 Paterniratem,
794 920 1055 1016 blasphematur
1073 922 1109 993 in
1127 946 1184 995 me
1203 925 1298 1014 (haec
1317 926 1366 997 est
1378 927 1457 997 uni·

157 1046 201 1095 ca
229 1024 318 1094 mihi
338 1024 373 1091 in
394 1022 446 1093 his
466 1017 756 1092 tribulationibus
775 1017 921 1106 fiducia)
943 1016 1127 1109 Christus,
1154 1043 1258 1115 quem
1279 1047 1345 1116 pro
1363 1024 1457 1096 virili

157 1119 294 1210 doceo,
325 1115 456 1189 fadlurn
477 1115 580 1187 nobis
599 1139 618 1186 a
637 1115 719 1186 Deo
737 1114 842 1188 Patre
858 1115 1085 1208 sapientiam,
1109 1117 1304 1212 justitiam,
1331 1117 1456 1192 sansti-

157 1213 389 1303 ficationem,
415 1213 696 1307 redemptionem
716 1209 869 1307 denique
888 1213 925 1288 ὃς
944 1209 1228 1287 satisfaetionem.
1253 1215 1330 1308 Qui
1345 1213 1457 1289 faetus

154 1309 214 1384 est'
232 1335 299 1407 pro
316 1311 418 1383 nobis
435 1328 645 1405 peccatum,
672 1307 706 1379 id
724 1308 797 1400 est,
825 1309 937 1381 hostia
955 1334 1021 1405 pro
1040 1332 1212 1403 peccato,
1238 1332 1279 1384 ut
1297 1335 1359 1383 nos
1377 1310 1456 1385 effi·

156 1431 319 1480 ceremur
334 1405 472 1505 justitia
493 1406 562 1476 Dei
581 1429 643 1498 per
663 1404 777 1476 illurn.
806 1411 914 1479 zcor.
928 1430 960 1500 5.
986 1405 1063 1497 Qui
1083 1405 1194 1479 fadlus
1211 1406 1260 1480 est
1276 1408 1457 1503 pronubis

156 1504 384 1594 maledieto,
405 1523 444 1574 ut
463 1526 527 1573 nos
546 1527 565 1571 a
583 1499 831 1574 maledidlione
851 1502 939 1598 legis
957 1502 1155 1574 redimeret.
1182 1504 1230 1575 Et
1240 1507 1382 1598 quinon
1394 1530 1454 1579 ve·

154 1603 211 1672 nit
238 1601 280 1672 ad
299 1599 498 1672 vocandum
514 1597 655 1690 Justos,
680 1598 737 1670 sed
756 1617 960 1693 peccatores
979 1598 1021 1669 ad
1042 1600 1314 1694 poenitentiam:
1339 1601 1458 1697 justos

154 1697 300 1793 inquam
328 1697 389 1790 qui
406 1694 438 1769 se
455 1695 552 1768 sanos
570 1695 755 1788 putant&
774 1695 858 1767 salso
878 1714 1025 1790 putant:
1062 1703 1200 1789 (omnes
1217 1699 1310 1769 enim
1327 1722 1456 1793 pecca·

152 1813 304 1885 verunt,
325 1794 362 1867 &
376 1813 484 1888 egent
501 1792 617 1890 gloria
628 1791 723 1877 Dei,
742 1815 811 1888 qua
827 1794 936 1888 gratis
955 1792 1109 1865 remittit
1128 1793 1351 1866 credentibus
1369 1818 1454 1889 pec·

152 1910 230 1964 cata
258 1915 322 1988 per
348 1890 628 1985 redemptionem
657 1912 736 1984 quae
763 1887 814 1960 est
840 1891 876 1960 in
895 1887 1042 1962 Christo
1056 1889 1159 1980 Jesu:
1188 1893 1346 1987 Rom.3.)
1372 1893 1456 1986 quia

153 2011 261 2060 omne
279 2008 390 2081 genus
409 1986 601 2058 humanum
618 1984 811 2056 sauciatum
829 1984 1026 2080 gravissime
1044 1983 1156 2058 fuerat
1173 1987 1209 2056 in
1227 2012 1292 2078 eo,
1319 1989 1384 2082 qui·
1399 1990 1454 2060 in·

151 2101 208 2154 ter
234 2081 455 2153 Hierusalem
482 2082 518 2153 ὃ(
548 2080 699 2150 Hierico
726 2079 877 2168 incidit,
904 2083 940 2152 in
959 2083 1123 2152 latrones.
1166 2082 1254 2152 ldeo
1274 2107 1339 2178 pro
1358 2078 1454 2159 virili

152 2176 290 2266 doceo,
317 2176 358 2246 tit
376 2198 497 2247 omnes
514 2176 669 2268 primum
690 2195 836 2265 peccata
853 2175 911 2245 sua
929 2174 1119 2270 agnoscant
1134 2177 1372 2268 acdamnent‚
1392 2181 1454 2253 de·

151 2272 236 2347 inde
260 2271 410 2345 esuriant
433 2295 475 2342 ac
505 2269 619 2341 srtiant
635 2268 806 2362 justitiam
825 2270 944 2364 illam,
973 2271 1017 2340 de
1036 2293 1104 2363 qua
1121 2271 1249 2344 Paulus
1269 2276 1452 2369 loquitur,

150 2372 251 2445 Rom.
273 2391 305 2466 3.
336 2366 479 2460 Justitia
506 2366 577 2438 Dei
604 2388 667 2459 per
692 2363 800 2437 fidem
826 2365 906 2459 Jesu
935 2366 1070 2440 Christi
1097 2370 1133 2438 in
1152 2393 1273 2442 omnes
1292 2371 1328 2444 dt
1347 2371 1453 2467 super

151 2489 275 2538 omnes
300 2468 362 2562 qui
388 2464 539 2537 credunt
565 2463 599 2533 in
626 2485 720 2533 eum.
771 2462 861 2535 Non
887 2463 938 2535 est
964 2464 1058 2537 enim
1086 2462 1290 2552 distinam,
1326 2490 1450 2542 omnes

151 2562 247 2637 enim
273 2579 512 2655 peccaverunt
541 2559 577 2632 dt
596 2578 703 2654 egent
719 2557 836 2654 gloria
857 2561 949 2647 Dei3
973 2558 1215 2659 justificantur
1232 2584 1348 2634 aurem
1367 2586 1451 2661 gra·
1506 2619 1510 2625 .

149 2660 199 2731 tis
217 2658 446 2753 pergratiam
467 2655 594 2750 ipsrus,
622 2678 686 2749 per
703 2655 984 2751 redemptionem
1003 2680 1083 2752 quae
1102 2658 1153 2730 est
1171 2661 1206 2729 in
1223 2659 1371 2732 Christo
1388 2663 1449 2754 Je-

149 2753 202 2831 su.
242 2753 364 2847 Quam
391 2754 454 2850 qui
480 2752 634 2825 esuriunt
653 2776 694 2823 ac
714 2750 856 2843 sitiunt,
884 2752 1103 2826 hauddubie
1123 2755 1170 2827 src
1189 2756 1378 2851 aliquando
1396 2757 1449 2830 sa·

151 2850 389 2942 torrebantur,
416 2849 513 2944 quod
531 2871 647 2945 neque
663 2847 815 2921 esurient
833 2873 946 2944 neque
967 2850 1085 2923 fitient
1102 2851 1138 2921 in
1156 2864 1342 2925 aere'rnum.

198 2949 268 3023 Sed
295 2948 462 3046 quoniam
490 2946 580 3018 hanc
607 2945 754 3018 esuriem
779 2969 820 3017 ac
841 2946 932 3019 sitim
953 2948 1163 3042 extinguere
1179 2947 1267 3022 solet
1287 2952 1449 3024 numana:

146 3044 300 3142 justitiae
317 3045 496 3134 saturitas,
515 3066 619 3141 quam
640 3064 738 3139 parat
758 3043 973 3138 potissimum
987 3045 1236 3138 opusculorum
1249 3046 1450 3121 nostrorum¹

147 3137 357 3213 eled'tiorum
377 3140 529 3230 fiducia,
549 3141 665 3236 qualia
682 3137 782 3230 sunt,
802 3143 1124 3236 peregrinationes,
1143 3165 1327 3213 cereorum
1347 3144 1448 3215 obla·

149 3236 287 3325 tiones,
316 3236 427 3309 eledla
451 3261 471 3308 a
496 3236 597 3308 nobis
621 3235 778 3332 jejunia,
810 3236 848 3307 &
869 3236 1047 3306 interdum
1066 3235 1320 3328 superstitiosa,
1347 3238 1447 3309 deni·

149 3353 220 3429 que
239 3329 500 3428 qualescunque
520 3339 576 3421 (ut
595 3329 741 3416 vocant)
761 3329 970 3401 voluntariae
986 3332 1212 3422 devotiones,
1231 3352 1356 3404 contra
1365 3357 1448 3430 quae

150 3428 314 3523 loquitur
340 3427 528 3525 Scriptura
547 3430 638 3519 Dei,
667 3430 771 3500 Deut.
790 3446 826 3517 4:
852 3449 905 3499 η.
933 3425 1025 3497 Νοη
1045 3420 1151 3499 facies
1170 3429 1265 3523 quod
1286 3430 1352 3502 tibi
1370 3446 1448 3505 r'ec·

149 3542 228 3597 tum
255 3523 419 3615 videtur,
453 3525 509 3598 sed
536 3525 633 3620 quod
660 3548 729 3620 ego
756 3525 930 3618 praecipio
949 3522 1038 3612 tibi,
1067 3522 1135 3595 hoc
1154 3545 1294 3599 tantum
1314 3526 1448 3622 facito,

148 3643 216 3693 nec
243 3620 370 3692 addens
388 3642 454 3692 nec
471 3622 652 3696 minuens:
682 3622 761 3693 ideo
780 3621 943 3714 inquam,
969 3621 1172 3714 hujusmodi
1190 3624 1449 3718 opusculorum

148 3717 367 3791 mentionem
393 3739 645 3812 nonnunquam
674 3718 791 3810 facio,
828 3740 899 3789 non
925 3741 965 3791 ea
993 3719 1127 3810 (Deum
1147 3718 1273 3809 testor)
1293 3743 1448 3814 unquam

147 3813 337 3910 damnans,
362 3813 421 3888 sed
439 3835 564 3888 eorum
585 3814 731 3889 abusum
750 3814 1028 3911 reprehendens,
1054 3817 1329 3914 legitimumque
1348 3816 1449 3890 usum

644 3962 647 3971 ·
755 3911 846 4008 Rs
1284 3970 1309 3987 --
1365 3934 1449 4011 re
