3322 4456
135 318 389 426 A.154'4.45.
472 322 513 400 R
560 323 595 399 Ε
644 321 687 398 Ν
735 319 774 394 0
824 317 862 394 V
911 319 943 394 Α
992 321 1031 399 Τ
1079 325 1111 403 Ῑ.
1318 359 1324 371 ·
1375 322 1445 434 ¹157

140 446 261 526 sliantc
286 449 504 542 necessariis,
537 452 574 522 in
600 445 773 523 Concilio
795 440 1017 516 Tridentino
1039 452 1302 548 proponendisr
1337 453 1440 528 Con.

139 570 315 622 vocantur
340 548 416 620 illic
442 546 628 641 Theologi
654 564 804 614 numero
829 539 1020 611 duodecim
1041 547 1113 636 (a),
1146 569 1253 643 atque
1269 553 1362 627 inter
1378 574 1441 628 cos

137 644 321 741 speciatim
358 643 518 716 Claudius
544 643 739 736 Espencaeus
764 633 851 729 (b),
890 635 954 729 qui
982 659 1210 733 magnatum
1237 649 1331 744 apud
1358 673 1438 723 om·

136 763 200 817 nes
232 740 497 814 existimatione
523 734 706 825 florebat,
747 731 908 828 quamvis
932 733 1039 804 etiam
1067 733 1233 832 superiori
1260 768 1383 838 anno,
1417 743 1439 820 ai

135 836 357 912 delatoribus
391 836 486 927 apud
520 831 743 904 Facultatem
777 827 1045 925 Theologicam
1081 832 1291 929 accusatus,
1333 864 1435 933 quas·

134 932 218 1006 dam
245 932 303 1005 vel
329 931 492 1004 emollite
517 927 574 1000 vel
599 925 748 1002 trabiare
773 924 943 998 debuerat
965 925 1076 1001 theses
1093 948 1200 1025 atque
1218 937 1433 1028 propositio·

135 1051 198 1102 nes
223 1028 419 1124 imaginum
447 1027 561 1100 cultui
579 1025 617 1099 δι
635 1025 862 1120 reliquiarum
882 1021 1121 1116 superstitioni
1140 1031 1356 1115 contrariosa
1384 1040 1436 1106 At

135 1120 256 1218 verb,
289 1148 334 1196 nc
358 1126 437 1197 haec
463 1124 605 1221 quidem
633 1121 870 1217 congregatio
895 1123 1075 1194 unanimes
1103 1123 1274 1198 fundebat
1300 1126 1433 1220 sonos,

134 1223 222 1319 quin
249 1223 369 1319 potius
394 1240 520 1296 coorta
546 1219 780 1293 contentione
797 1220 874 1311 (c),
903 1216 981 1290 satis
1005 1222 1130 1318 gravi,
1161 1222 1220 1294 alii
1239 1226 1433 1318 cupiebant

132 1341 173 1392 ca
200 1317 428 1411 confirmati,
462 1343 543 1412 quae
569 1315 794 1391 Constantiae
821 1316 859 1389 δι
886 1313 1033 1388 uafireae
1057 1319 1270 1415 jampridem
1291 1320 1435 1396 suissent

130 1415 297 1509 decreta,
323 1417 361 1492 δι
381 1416 608 1490 διηᾶἱοιιειη
628 1411 889 1511 Pragmaticam
908 1413 1116 1509 rellnbiliri,
1134 1418 1193 1489 alii
1213 1441 1435 1514 metuentes,
1511 1419 1514 1423 ’

128 1535 175 1587 ne
192 1513 279 1589 Rex
299 1514 381 1587 inde
399 1510 632 1587 offenfionem
651 1527 796 1607 captet,
816 1509 992 1606 abrogato
1009 1534 1050 1583 ea
1066 1514 1204 1587 ratione
1222 1515 1433 1593 Concorda·

128 1627 172 1687 to
198 1610 294 1687 inter
320 1609 433 1708 ipsum
463 1613 500 1687 δι
525 1610 688 1684 Leonem
715 1604 934 1681 Pontificem
962 1606 1077 1702 sudio,
1104 1633 1179 1682 eam
1198 1615 1432 1707 quaestionem

125 1705 390 1808 disceptandam
417 1733 490 1783 non
515 1705 717 1782 censebant.
767 1705 928 1797 Deinde,
966 1706 1063 1801 quod
1090 1709 1126 1780 in
1144 1709 1279 1784 Schola
1296 1713 1432 1785 Sorbo·

125 1805 225 1881 nenfi
251 1807 441 1905 Theolngi
468 1805 513 1880 de
538 1806 850 1880 sacramentorum
868 1812 993 1878 natura
1010 1828 1082 1878 non
1102 1805 1196 1880 idem
1215 1832 1339 1883 omnes
1355 1809 1431 1883 sen·

125 1904 258 1995 tirent‚
288 1902 345 1979 sed
365 1906 419 1978 his
437 1904 496 1976 alii
514 1900 716 1977 effeslivam
736 1900 999 1977 ministerialem
1019 1904 1191 1978 virtutem
1209 1906 1431 2001 tribuerent,

122 2000 184 2074 alii
201 2024 275 2077 non
294 2001 516 2076 tribuendam
536 2019 726 2099 putarent,
753 1999 790 2074 δι
809 1998 938 2096 finguli
956 1999 1029 2073 suas
1046 2003 1232 2096 opiniones
1252 2029 1318 2100 pro
1336 2005 1430 2103 dog·

122 2116 226 2173 mate.
242 2096 340 2177 fidei·
357 2099 476 2170 baberi
502 2101 660 2185 vellent,
693 2097 737 2166 de
755 2098 797 2168 iis
813 2096 902 2166 nibil
920 2116 998 2168 turn
1018 2097 1202 2172 decretum
1222 2098 1303 2175 suit.
1340 2103 1429 2178 Hoc

124 2203 264 2284 tantum
291 2192 487 2281 statutum,
520 2211 562 2263 nt
580 2195 617 2262 in
634 2212 724 2261 xxv.
743 2190 902 2263 articulis
919 2215 1001 2266 ante
1019 2193 1108 2268 duos
1126 2219 1234 2271 annos
1253 2200 1431 2298 evulgatis

124 2307 250 2372 omnes
267 2284 543 2380 acquiescerent.

171 2393 203 2469 ς.
221 2379 290 2455 Ll.
316 2381 444 2476 Quum
464 2378 551 2458 verb
569 2376 757 2477 Theologi
774 2379 1021 2458 vehementem
1041 2385 1077 2457 in
1095 2386 1244 2459 modum
1265 2390 1430 2464 Francis·

123 2503 207 2557 cum
234 2480 279 2553 de
296 2478 556 2576 persequendis·
568 2476 749 2553 haereticis
766 2500 958 2575 urgerent,
983 2501 1090 2573 atque
1107 2484 1214 2554 etiam
1234 2488 1318 2557 Rex
1338 2487 1430 2557 inito

122 2599 221 2665 cum,
237 2576 378 2653 Cssaesare
403 2576 563 2667 foedere,
596 2573 630 2648 se
642 2572 777 2671 jundlis
795 2574 932 2649 viribus
950 2577 1063 2649 veteri
1082 2579 1249 2676 religioni
1271 2581 1429 2676 patroci-

120 2699 291 2754 naturum
322 2679 360 2752 &
390 2676 580 2763 baeteticos
605 2675 900 2768 extirpatarum,
934 2671 1198 2768 spopondisset,
1235 2697 1311 2750 tum
1339 2676 1431 2753 illud

121 2775 220 2873 quod
245 2795 326 2849 ante
351 2773 634 2869 quinquennium
649 2767 731 2843 sert}
748 2793 831 2844 cum
851 2774 1086 2868 Waldtnfibus
1103 2775 1141 2848 δι
1159 2777 1430 2871 Monadolimstz

121 2875 181 2946 bur
199 2870 398 2969 susceptum
418 2891 492 2944 erat
508 2872 720 2969 negotium,
752 2870 824 2945 boc
842 2869 970 2944 codem
987 2895 1083 2945 anno
1104 2894 1209 2970 ¹545·
1235 2875 1429 2949 vehemen-

122 2988 179 3044 ter
198 2971 404 3044 recruduit:
1174 2997 1178 3007 ·

168 3065 257 3142 Erat
273 3064 409 3142 scilicet
428 3067 464 3138 in
482 3067 669 3139 Merindoli
687 3066 819 3140 incolas
836 3084 920 3140 ante
937 3089 1069 3141 annum
1088 3067 1255 3162 quintum
1271 3068 1427 3144 latascn·

122 3167 235 3239 tentia
252 3167 365 3261 Aquis
386 3171 476 3255 (Arx
493 3188 533 3236 en
549 3163 735 3251 Provence)
754 3163 852 3261 quod
871 3163 923 3236 est
943 3166 1145 3237 Provinciae
1164 3167 1340 3238 summum
1362 3169 1428 3240 tri·

123 3260 255 3354 bunal,
288 3283 328 3335 ut
354 3264 644 3360 opprimerentur
660 3283 782 3428 omrps
801 3257 1028 3357 promiscue,
1053 3281 1095 3334 ut
1114 3262 1241 3334 dirutis
1261 3261 1427 3337 aedificiis

177 3388 182 3444 ;
279 3426 282 3430 ,
797 3377 814 3451 3
1313 3383 1343 3432 ae
1371 3384 1432 3435 ua·

164 3463 214 3539 (a)
231 3459 452 3529 LAUNOY
469 3460 587 3526 Hislnr.
604 3456 736 3542 Colleg.
750 3455 1020 3542 NavarreniOpp.
1032 3456 1078 3523 T.
1090 3459 1151 3524 lV.
1169 3459 1206 3524 P.
1219 3462 1263 3526 ΙΙ.
1282 3384 1427 3546 selsam.

166 3542 219 3620 (b)
247 3543 404 3627 Diploma
425 3545 548 3628 regium
572 3563 639 3627 qno
662 3539 855 3628 Espenqaens
879 3541 1034 3627 sigillatim
1058 3543 1097 3608 ad
1122 3545 1182 3609 boc
1208 3543 1310 3611 Collo
1336 3549 1429 3614 uium

124 3625 296 3688 vocabatur
321 3648 358 3692 ex
386 3628 528 3692 Arcum
552 3626 648 3711 Regis
675 3626 855 3692 Galliarum
879 3628 1009 3708 protulit
1032 3627 1092 3692 Vir
1119 3629 1171 3693 lll.
1196 3627 1227 3706 J.
1244 3629 1308 3696 PU
1350 3629 1429 3698 EA·

126 3705 166 3775 N
171 3705 233 3772 US
260 3709 321 3786 (de
345 3710 399 3772 Pu
427 3712 441 3787 )
466 3709 496 3773 in
522 3710 721 3790 suflrrrlsions
745 3711 805 3776 dte.
839 3727 920 3796 pour
944 3709 971 3773 se
986 3710 1112 3776 Gracile
1129 3711 1165 3773 de
1181 3711 1294 3778 Trente
1311 3734 1379 3800 pag.
1398 3733 1430 3796 9·
1478 3760 1482 3768 ι

124 3791 213 3861 cons.
233 3788 380 3856 LllUN
419 3790 453 3858 Y
470 3792 521 3857 lib.
541 3793 594 3855 cit.
616 3814 684 3877 pag.
701 3793 775 3876 418.

167 3878 221 3957 (c)
244 3871 372 3942 SARP.
399 3875 478 3941 Hill.
504 3873 635 3943 Concil.
660 3877 807 3949 Trident·
832 3876 876 3948 L.
893 3877 937 3947 11.
962 3895 1031 3968 pag.
1047 3879 1101 3964 96.
1124 3878 1197 3948 edit.
1217 3879 1289 3947 Lat.
1307 3876 1431 3949 ΒΕΖΗ

116 3959 208 4032 diist.
224 3957 404 4028 Ecclcfiall.
424 3956 466 4026 L.
484 3959 511 4029 l.
533 3976 604 4047 pag.
621 3957 673 4043 48.
1064 4018 1069 4031 .
