3322 4456
634 423 639 430 ι
749 311 879 463 (rrp'.)

662 568 782 647 Num.
806 569 967 645 xx11.
1012 544 1015 551 ’
1132 666 1137 674 ¹

380 734 1239 873 Heunrcrvurnegisnngr.
1340 696 1345 703 ‘

386 930 558 1037 Literae
583 921 643 1022 ad
665 918 937 1020 Ludovicum
951 906 1238 1018 'Palatinum'

502 1061 561 1160 de
592 1057 874 1196 expellendo
902 1054 1118 1161 Luthero

594 1225 641 1296 A.
656 1244 760 1319 1521.
785 1221 821 1295 d.
842 1245 898 1296 20.
917 1221 1027 1320 Maji.

258 1401 338 1475 Anc
366 1399 564 1498 Epistulam
593 1424 676 1474 eum
701 1400 745 1473 E.
765 1401 803 1474 S.
822 1397 1137 1474 CYPRIANUS
1157 1398 1206 1473 V.
1227 1400 1278 1473 D.
1296 1397 1458 1476 secundoe

273 1499 365 1597 parti
393 1497 566 1570 Asturum
594 1499 879 1571 Reformationis
906 1496 970 1569 sub
994 1499 1052 1569 tit.
1079 1499 1457 1591 &formariam-Vht-

154 1600 311 1688 lunden,
348 1595 469 1690 lingua
495 1594 709 1666 Germanica
734 1593 915 1666 editorum
944 1616 980 1688 p.
1002 1614 1080 1689 ¹30·
1107 1592 1202 1691 seqq.
1238 1594 1457 1688 inseruisses,

156 1692 214 1765 sed
242 1695 278 1765 in
307 1691 563 1764 Germanicum
591 1691 725 1763 idioma
744 1691 969 1778 translatam,
999 1686 1149 1762 poetis.
1170 1690 1393 1765 KAPPlUS
1411 1702 1458 1782 exj

157 1790 338 1887 Originali
366 1787 469 1859 nobis
496 1787 778 1861 communicavit
797 1788 833 1860 in
851 1790 927 1883 ejus
944 1789 1115 1882 spicilegio
1134 1790 1195 1860 Ad
1210 1795 1287 1858 arla
1301 1789 1457 1883 Reform.
1520 1848 1523 1855 ,

154 1887 252 1959 Part.
274 1887 324 1958 lI.
349 1909 383 1956 ιι.
403 1907 475 1956 xrr.
502 1908 585 1980 pag.
604 1883 689 1980 458.
707 1883 777 1981 seq.
811 1885 905 1958 unde
929 1907 1005 1957 eam
1025 1885 1234 1981 depromere
1250 1904 1356 1982 atque
1374 1885 1458 1960 Do·

154 1986 335 2055 tumentis
354 1981 482 2055 nostris
500 1983 649 2053 inserere
669 1981 860 2054 voluimus.
1148 2015 1152 2022 ·

743 2171 860 2223 *aa
1046 2212 1075 2227 ,.

768 2267 839 2315 aa
982 2245 986 2250 ’

792 2364 814 2411 ιιι

153 2581 161 2590 ·
203 2555 539 2646 l-lElNRlCUS‚
566 2556 636 2628 Dei
656 2554 783 2628 Gratia
801 2559 886 2629 Rex
907 2556 1039 2655 Anglie
1058 2557 1096 2633 &
1113 2557 1282 2634 Francie:
1310 2584 1351 2634 ac
1371 2561 1453 2637 Do·

155 2659 272 2733 minus
300 2655 496 2730 Hibernie:
540 2649 773 2724 lllustrillimo
799 2655 981 2749 Principi,
1016 2655 1201 2747 Domino,
1237 2658 1453 2756 Lodovico,

155 2755 298 2830 Comiti
326 2751 487 2825 Palatino
512 2751 657 2842 Rheni,
694 2751 792 2822 Duci
810 2752 991 2842 Bormiae,
1010 2752 1081 2826 &e
1117 2755 1216 2826 Sacri
1235 2756 1335 2828 Rho.
1358 2757 1454 2856 lmp.

155 2847 456 2948 Archidapisero‚
490 2847 527 2921 &
554 2847 712 2942 Principi
739 2845 922 2940 Elestori,
959 2853 1089 2920 Amico
1115 2872 1195 2922 meo
1218 2850 1453 2949 Clarissimo.
1551 2880 1554 2885 ⁸

154 2953 327 3026 Salutem.
371 2946 404 3017 Α
423 2943 585 3017 Lurhero
601 2942 682 3016 illic
699 2966 865 3017 exortum
887 2945 1089 3017 incendium
1109 2946 1366 3048 diabolicisque
1381 2948 1455 3024 sus·

81 3070 84 3075 ·
152 3046 284 3120 fultum
305 3043 418 3134 dolis,
444 3042 604 3133 tamdiu,
630 3064 695 3114 nec
713 3041 828 3116 adhuc
845 3041 1046 3116 extioelum
1065 3044 1158 3118 inter
1176 3068 1239 3117 vos
1256 3047 1453 3120 debaccha-

152 3145 204 3233 ri,
229 3161 307 3214 tum
328 3139 461 3228 vestra,
487 3160 564 3211 tum
584 3137 787 3210 Christiane
804 3142 892 3233 reip.
908 3139 1009 3211 causa
1028 3141 1136 3234 longe
1153 3144 1294 3235 gravius
1314 3145 1452 3216 indole·

153 3250 255 3326 mut,
290 3256 393 3330 quam
420 3235 501 3307 ullis
519 3236 631 3306 literis
648 3236 927 3327 comprehendi,
963 3236 1018 3305 vel
1039 3235 1189 3305 humana
1207 3237 1327 3332 lingua
1348 3237 1453 3331 possit

152 3333 339 3431 explicari.
374 3331 489 3403 Nulla
505 3333 598 3403 enim
618 3330 804 3401 hominum
823 3326 880 3402 seu
897 3329 1073 3401 annalium
1095 3334 1266 3404 memoria
1284 3353 1366 3406 ante
1385 3334 1452 3410 hee

153 3452 319 3524 tempora
343 3427 535 3519 recolitur,
578 3424 842 3500 strenuissimam
871 3426 972 3499 istam
999 3428 1170 3521 patriam,
1206 3453 1287 3524 quae
1313 3430 1453 3507 afflifflt

154 3527 439 3602 Christianorum
465 3525 568 3598 rebus
595 3523 829 3599 firmissimum
857 3521 1136 3619 tutissimumque
1154 3526 1345 3620 presidium
1366 3527 1470 3604 semi

153 3647 218 3720 per
244 3621 312 3694 esse
341 3616 546 3714 consuevit,
580 3644 641 3696 aut
669 3621 825 3694 hereseos
844 3619 1066 3694 seminarium
1094 3618 1242 3695 scienter
1260 3623 1455 3719 admisisse,

152 3740 235 3810 aut,
256 3718 279 3790 fi
298 3717 394 3811 quod
415 3713 528 3789 forsan
546 3720 688 3792 incaute
698 3717 877 3812 obrepsit,
897 3716 1167 3792 nonconfeslim
1178 3720 1327 3795 eiecisse.
1346 3721 1453 3814 Quid

152 3841 302 3918 namque
321 3814 537 3890 Germanice
556 3819 691 3890 nationi
711 3816 984 3985 ignlpminiosrus
1002 3815 1161 3891 accidere
1179 3821 1321 3914 potuit,
1346 3841 1454 3915 quam

824 3934 839 4010 ς
1417 3936 1456 3993 rn
