3322 4456
225 336 296 416 340
438 312 815 394 nrsrouta
858 312 1293 394 nvaunnnrr
1349 321 1519 422 naar.

224 492 253 535 „
275 463 337 518 aut
355 448 485 520 erroris
501 445 588 520 effer
605 444 643 516 in
659 464 735 538 quo
751 440 1010 540 impingerem,
1036 441 1108 537 ipse
1124 466 1207 518 cum
1225 446 1293 519 suis
1308 446 1517 524 dodtoribus

226 588 255 631 „
279 539 495 632 discuteret,
519 566 560 613 ac
580 537 735 613 confiliis
752 560 809 609 me
826 541 1002 610 imbueret
1021 537 1242 614 resiioribus.

273 687 301 730 „
328 640 497 717 Postridie
521 640 640 732 itaque
665 633 832 706 accerhta
849 657 913 728 per
928 633 1135 728 episcopum
1155 640 1240 709 bora
1256 642 1369 732 prima
1384 646 1517 735 venio,

225 780 254 824 „
279 757 389 828 quum
418 757 533 818 tamen
559 734 663 804 tertia
687 728 771 800 esset
794 731 1000 801 constituta.
1042 731 1120 802 Ubi
1136 731 1224 804 verb
1241 739 1389 829 adveni,
1413 763 1512 837 mag·

225 876 256 919 „
279 854 363 902 num
386 830 418 903 se
436 832 596 902 dolorem
615 848 740 917 capere
758 847 801 895 ex
822 851 897 896 urea
916 828 981 896 hac
1000 828 1199 901 calamitate
1215 831 1326 924 dicit,
1351 837 1436 930 quid
1453 862 1513 907 au·

226 972 254 1016 „
279 944 352 997 tent
380 927 468 999 iliud
496 926 559 1016 iit,
592 924 821 1016 quamobrem
847 923 892 991 ab
917 921 1118 994 adversariis
1141 927 1301 1000 accuser:
1336 955 1378 1002 ac
1403 932 1515 1026 porrb

225 1069 255 1111 „
280 1044 503 1115 quacunque
531 1025 567 1092 in
591 1023 709 1090 animo
740 1016 901 1087 haberem
921 1017 1033 1089 libere
1050 1044 1091 1089 ac
1109 1021 1287 1114 intrepide
1306 1026 1358 1097 illi
1375 1048 1416 1099 ut
1432 1051 1514 1124 ape·

225 1164 254 1207 „
279 1119 367 1188 riam
388 1117 458 1190 fine
477 1119 573 1187 omni
594 1136 692 1185 metu
708 1131 853 1200 monet,
873 1117 1049 1184 neminem
1066 1112 1134 1186 effe
1151 1124 1212 1209 qui
1229 1124 1416 1213 negotium
1427 1124 1515 1196 mihi

226 1260 255 1306 „
280 1214 356 1285 ulio
375 1214 420 1285 de
438 1214 547 1285 verbo
565 1209 768 1296 facesseret,
793 1212 890 1303 quod
909 1210 1000 1280 intra
1014 1211 1091 1304 ejus
1108 1209 1213 1282 efferri
1232 1218 1382 1305 parietes
1399 1219 1515 1292 diuu-

225 1357 255 1401 „
279 1334 334 1382 ra:
363 1311 421 1380 cui
442 1309 574 1380 rursus:
602 1305 808 1396 Quoniam,
835 1307 1000 1397 inquam,
1018 1304 1192 1378 celsitudo
1210 1325 1271 1379 tua
1288 1310 1410 1385 horam
1426 1316 1518 1387 mihi

203 1396 255 1497 '„
280 1407 440 1477 statuerit
459 1409 598 1476 tertiam
619 1402 661 1472 ad
680 1423 783 1496 quarn
802 1400 958 1498 adfuturi
975 1403 1054 1474 sunt
1071 1402 1160 1472 mihi
1172 1404 1359 1500 advocati,
1377 1413 1514 1483 veniam

200 1565 205 1573 ,
226 1550 254 1592 ,,
280 1503 367 1572 mihi
395 1501 562 1593 tantisper
588 1498 721 1594 flagito
734 1496 795 1567 abs
813 1517 849 1568 te
865 1498 962 1588 dari,
987 1499 1104 1592 quoad
1122 1498 1268 1572 illorum
1284 1505 1437 1599 capesso
1454 1510 1515 1578 ad·

226 1645 256 1688 „
280 1615 456 1682 ventum.⁴
482 1599 584 1690 Quin
609 1616 720 1689 ergo,
754 1593 892 1686 inquit,
925 1616 1079 1688 quatuor
1102 1595 1183 1668 illos
1206 1621 1295 1692 quos
1312 1601 1395 1675 aitte
1413 1603 1514 1676 dixe·

226 1741 255 1785 „
279 1716 375 1782 rant,
409 1716 514 1783 quarn
541 1687 698 1789 primurn
724 1687 947 1760 advocandos
973 1689 1122 1780 censeo,
1155 1695 1219 1785 qui
1244 1695 1329 1765 huic
1354 1699 1517 1772 interfint

225 1837 255 1882 „
278 1790 538 1862 auscultationi.
583 1788 624 1859 ld
649 1807 765 1857 autem
794 1807 838 1855 ne
860 1784 992 1857 faceret
1010 1784 1157 1879 rogavi,
1182 1793 1405 1881 nequeenim
1424 1817 1515 1888 opus

226 1935 253 1978 „
279 1883 368 1975 esse,
400 1909 460 1957 eos
487 1886 555 1957 hoc
574 1884 693 1955 labore
711 1879 873 1978 fatigari,
898 1902 1009 1977 quum
1028 1881 1102 1952 duo
1120 1880 1172 1952 illi
1190 1883 1256 1954 viri
1322 1888 1436 1962 nernsr
1454 1890 1517 1962 ab.

227 2030 256 2074 „
280 1981 378 2053 unde
396 1980 496 2053 testes
514 1981 621 2053 essent
641 1980 781 2066 idonei,
806 1994 975 2070 quantum
993 1979 1027 2049 ei
1044 1978 1194 2072 negotio
1211 1977 1247 2051 su
1289 2003 1398 2056 ceter.
1434 1986 1518 2059 Post

166 2158 170 2169 ¹
224 2124 253 2168 „
278 2075 357 2148 haec
382 2077 567 2172 episcopus
593 2081 628 2147 in
655 2077 837 2173 porticum
863 2075 960 2146 intus
986 2072 1020 2146 se
1045 2075 1196 2170 recipit,
1220 2078 1283 2149 ubi
1302 2079 1515 2155 advocatum

225 2223 254 2267 „
278 2173 322 2244 ad
348 2172 381 2246 se
410 2178 457 2246 D.
482 2177 684 2271 Spilmarrum
707 2171 811 2267 jubet
836 2168 1001 2243 omnibus
1025 2171 1141 2245 modis
1166 2174 1261 2271 apud
1286 2197 1343 2248 rne
1368 2179 1517 2273 instare,

225 2321 255 2365 „
279 2293 324 2343 ne
347 2273 433 2366 quid
453 2275 660 2362 reticerem,
686 2270 771 2365 quin
791 2269 903 2364 palam
923 2265 1087 2341 haberem
1105 2293 1328 2369 quaecunque
1344 2275 1380 2345 in
1398 2280 1516 2349 animo

223 2418 252 2462 „
278 2364 398 2442 esseut.
441 2373 497 2441 lic
524 2371 657 2441 interea
681 2365 971 2439 archidiaconum
998 2364 1041 2438 ad
1067 2391 1125 2439 me
1149 2367 1249 2440 suurn
1276 2369 1418 2462 mittit,
1452 2375 1516 2466 qui

224 2516 252 2559 ‚,
307 2467 397 2537 rimo
421 2490 506 2538 mox
534 2466 687 2537 adventu
712 2461 944 2537 accusationis
969 2461 989 2534 a
1015 2486 1073 2534 tne
1092 2462 1228 2535 causam
1249 2461 1337 2535 scire
1354 2468 1512 2561 petebat.

223 2613 251 2655 „
278 2489 321 2634 id
346 2585 416 2657 ego
442 2563 485 2636 ab
511 2561 773 2636 accusatoribus
798 2561 885 2633 meis
911 2556 1160 2656 postulandum
1185 2556 1275 2652 effe,
1301 2583 1359 2634 me
1377 2566 1515 2660 prorsus

224 2707 251 2753 „
278 2658 440 2751 ignorare
458 2660 642 2750 dicebam,
668 2680 743 2731 tum
764 2657 822 2729 ille
839 2678 964 2751 erepto
982 2656 1071 2727 mihi
1089 2658 1206 2751 libro,
1225 2682 1329 2754 quem
1345 2659 1514 2731 habebam

225 2804 254 2847 ‚,
279 2752 315 2823 in
335 2776 449 2825 manu.
476 2758 573 2847 Hic,
601 2756 738 2850 inquit,
761 2754 915 2846 talesque
934 2751 1046 2823 libelii
1066 2752 1138 2824 huc
1155 2775 1192 2824 te
1209 2752 1416 2823 calamitatis
1435 2774 1514 2843 per·

225 2900 253 2945 „
278 2848 478 2942 duxerunt,
513 2869 731 3017 ‹Luapropter
756 2846 800 2916 ab
827 2847 879 2918 his
899 2848 1125 2917 vehementer
1142 2864 1184 2913 ut
1201 2864 1344 2928 caveas,
1369 2865 1514 2914 moneo.

224 2994 252 3038 „
278 2942 355 3038 Qui
374 2951 502 3020 etenim
549 2949 627 3038 ujus
646 2943 727 3013 libri
745 2941 875 3012 author
888 2938 956 3007 fuir
972 2939 1007 3006 in
1017 2937 1116 3007 circo
1127 2934 1511 3031 Sruythfildianousiu·

224 3093 252 3137 „
277 3040 368 3115 intus
393 3041 455 3116 est.
497 3043 611 3139 Rogo
629 3061 712 3110 num
732 3029 847 3133 probe
866 3050 1091 3126 compertum
1111 3031 1275 3123 haberet,
1300 3032 1397 3123 quod
1417 3037 1512 3109 dice·

222 3190 251 3238 „
277 3136 357 3212 ret?
389 3138 552 3214 Maxime*
573 3133 681 3229 verb,
709 3132 844 3231 inquit,
869 3127 956 3206 scire
971 3130 1065 3205 eninr
1085 3130 1117 3202 se
1135 3131 1264 3201 librum
1283 3127 1351 3201 esse
1369 3133 1515 3226 Joarrnis

223 3290 251 3333 „
277 3238 408 3330 Frythr'.
447 3238 560 3329 Vide,
578 3237 744 3331 inquam,
761 3254 805 3302 an
822 3253 892 3301 non
912 3251 947 3304 te
965 3230 1076 3327 pudet
1095 3247 1166 3309 tarn
1188 3223 1511 3396 temerie‘udiciunr

221 3385 250 3428 ‚‚
276 3355 317 3404 ac
342 3335 548 3409 sententiam
575 3334 619 3407 de
646 3357 682 3406 re
709 3329 962 3428 praecipitare,
1004 3347 1109 3422 quam
1136 3322 1285 3414 nescias,
1333 3326 1398 3397 ane
1426 3325 1511 3399 verb

222 3478 251 3521 „
276 3426 356 3497 hare
383 3446 455 3499 tarn
475 3431 672 3503 inconsulta
689 3432 726 3503 δι
746 3428 904 3500 violenta
920 3419 1166 3519 injudicando
1185 3421 1385 3513 temeritas,
1413 3423 1512 3518 inge·

223 3552 250 3615 „
276 3519 373 3591 niunr
402 3524 520 3613 arguit
549 3526 583 3596 in
603 3527 747 3600 homine
764 3548 834 3596 nnn
852 3515 1175 3635 pmdentiffimurn:
1205 3515 1378 3612 simulque
1395 3521 1512 3612 expli-

222 3667 250 3712 „
275 3633 357 3687 cato
384 3613 500 3709 libro,
525 3619 747 3695 ostendebam
767 3623 878 3718 quain
893 3616 988 3692 esset.
1034 3615 1145 3709 Atqui
1164 3633 1348 3709 putaram,
1375 3615 1516 3710 inquit,

222 3765 251 3810 ‚,
275 3708 376 3785 fuisse
400 3712 530 3805 alium,
565 3741 642 3789 narn
671 3719 707 3790 in
733 3740 777 3787 eo
799 3716 888 3792 nihil
905 3713 1025 3810 potuit
1043 3711 1307 3805 reprehendere.
1353 3712 1510 3786 uenum

218 3862 249 3911 ‚,
272 3802 475 3888 &monitus
499 3808 522 3885 a
545 3837 621 3907 me,
648 3836 693 3887 ne
710 3810 859 3910 posthac
876 3832 949 3885 tarn
968 3831 1218 3907 praeproperus
1234 3831 1274 3884 ac
1292 3809 1511 3973 inconsuitffi

1425 3954 1452 3995 22
