3322 4456
760 364 776 452 s
790 359 892 449 tra.)
943 386 945 390 ³
1067 442 1070 448 Α
1268 432 1274 443 .

64 521 91 585 J
173 500 284 575 docet
310 515 383 568 non
410 484 581 560 obscuri:
618 488 803 577 Cyprianus
820 484 970 554 Cornelio
991 479 1109 551 Fratri
1136 478 1283 574 (inquit)
1312 484 1473 557 Salutem.

175 590 309 691 Neque
338 580 726 682 EpistolarumNerba
752 580 961 674 ampliorem
991 577 1043 646 illi
1064 574 1277 647 Potestatcm
1297 581 1474 652 tribuunt.

174 684 306 766 Fidem
325 681 413 756 verb
435 679 547 753 Verbi
571 679 661 766 Dei,
687 675 916 770 quamambo
936 671 1103 767 Apostoli
1124 673 1298 744 Petrus&
1320 677 1473 767 Paulus,
1509 713 1511 719 ·

175 809 247 863 tam
275 784 333 858 sua
362 775 534 852 Doctrina
556 772 662 870 quam
683 773 824 845 tandem
845 771 1046 865 Martyrio,
1071 767 1214 840 solidam
1234 769 1473 863 reliquerunt,

174 909 250 981 prae
279 877 417 953 caeteris
443 873 532 943 locis
559 874 696 959 Rome,
729 871 768 943 &
794 869 950 940 venerati
976 866 1055 938 sunt
1074 864 1176 958 prisci
1196 864 1249 934 iiii
1269 867 1408 956 Patres,
1435 867 1473 941 dt

177 983 352 1073 integram
371 970 486 1042 adhuc
506 971 664 1059 Cypriani
682 985 811 1054 aetate,
827 962 1008 1076 servarunt
1028 961 1147 1033 felices
1165 964 1309 1032 Romani
1323 963 1471 1072 Episcm

174 1101 258 1242 sia
272 1072 420 1239 {iiii}
432 1062 583 1247 fassis
595 1060 1474 1254 ,saussaiusmittitsitistis

175 1267 374 1342 Primatum
399 1255 525 1328 tribuit
550 1257 597 1325 D.
614 1257 834 1344 Hieronymus
850 1254 886 1324 in
904 1252 971 1326 suis
988 1253 1129 1324 adeum
1149 1249 1342 1346 Epistolis,
1368 1275 1475 1348 quarn

175 1383 217 1437 ut
231 1359 357 1444 Fidem
375 1353 471 1446 illius
481 1355 640 1424 Romane
649 1348 736 1422 sedis
755 1350 936 1440 imitetur,
954 1348 1079 1422 &eam
1096 1348 1335 1441 magnifaciat.
1361 1346 1475 1444 Quod

174 1477 293 1533 autem
313 1455 362 1525 ait
381 1450 431 1520 D.
451 1452 706 1538 Hieronymum·
716 1447 832 1519 Extra
847 1447 935 1517 haar
950 1448 1079 1517 aarum
1095 1451 1152 1540 qui
1170 1451 1303 1540 Agrum
1319 1447 1473 1518 Comedei

175 1563 245 1644 rit,
264 1549 462 1647 prophanus
486 1544 552 1635 est,
585 1545 622 1612 in
651 1541 813 1639 Epistola
837 1564 921 1636 quae
948 1541 1100 1633 incipite
1135 1541 1473 1645 ‚Quoniam-vetusto,

175 1653 288 1725 Tom.
311 1667 343 1742 3.
369 1661 452 1739 pag.
474 1659 530 1734 59.
572 1639 689 1712 Extra
714 1639 800 1710 barre
826 1641 942 1711 Fidem
963 1634 1054 1708 haud
1074 1635 1183 1708 dubie
1198 1634 1328 1723 sentim
1363 1660 1475 1732 quan·
1543 1662 1552 1671 ’
1636 1665 1644 1674 ·

174 1744 309 1839 tumuit
335 1743 372 1811 in
399 1738 463 1808 illo
490 1733 707 1831 potiffimum
736 1735 820 1808 loco
849 1758 921 1805 non
947 1753 1019 1805 tam
1047 1730 1180 1804 sincere
1206 1731 1305 1828 loqui
1333 1735 1478 1807 ridetur

175 1844 360 1927 Erasmus,
386 1853 491 1929 quam
519 1833 553 1901 in
572 1832 647 1904 aliis
666 1832 843 1924 plerisque
860 1830 971 1920 iocis,
994 1829 1058 1924 qui
1077 1829 1172 1900 islam
1193 1830 1353 1903 Domum
1372 1831 1477 1904 nimie
1616 1911 1623 1923 ,

176 1940 439 2027 inadvertentet
466 1932 625 2002 Romane
651 1926 824 2001 Ecclesiae
852 1929 1047 2000 Primatum
1076 1927 1340 2021 interpretatur.
1385 1928 1476 2001 Non

179 2038 273 2110 enim
290 2030 407 2118 inissa
426 2045 532 2095 aetate
549 2023 808 2119 agnoscebatur
826 2023 1031 2120 hujusmodi
1051 2024 1241 2094 Primatur.
1315 2028 1318 2033 “
1468 2042 1472 2053 ·

186 2180 190 2189 .
226 2124 340 2218 Quod
358 2122 384 2191 fi
402 2120 498 2191 aliud
519 2121 608 2190 nihii
624 2139 726 2189 extra
743 2119 850 2193 sacrm
864 2122 981 2188 literas
993 2118 1101 2209 buius
1109 2119 1286 2191 Primores
1297 2123 1479 2197 vimeneo

178 2242 301 2311 uacet,
334 2215 378 2287 de
404 2212 552 2306 ipsoque
577 2235 719 2282 omnem
748 2213 972 2306 Opinionem
991 2201 1157 2300 tolieret,
1183 2213 1387 2303 satis,·mea
1404 2215 1478 2290 sen·

177 2320 311 2406 tentia,
329 2311 485 2406 p'rimum
505 2307 592 2376 iilud
611 2304 854 2380 sarriiiffimum
872 2311 996 2379 Niceni
1017 2306 1223 2404 [Nicaeum]
1244 2308 1480 2407 Concilium,

180 2416 348 2493 omnibus
366 2424 408 2485 ut
427 2422 560 2475 certam
583 2399 794 2500 Doctrinam
812 2405 1014 2498 accipiant,
1040 2400 1240 2493 sufficeret,
1269 2407 1303 2475 in
1323 2430 1397 2502 quo
1414 2432 1479 2482 ne.

179 2539 246 2611 que
272 2510 392 2583 aderat
409 2503 587 2572 Romanus
613 2496 835 2592 Episcopus,
870 2522 984 2594 neque
1013 2521 1163 2594 praeerat
1192 2503 1337 2574 Vicaria
1352 2507 1480 2598 quavis

179 2607 374 2693 Potestate.
417 2598 693 2667 Procuratorem
713 2613 755 2667 ut
771 2593 964 2667 Goustm'er
981 2596 1019 2668 ὅ(
1035 2597 1284 2694 Coepiscopus
1302 2601 1391 2670 iiiuc
1411 2604 1480 2674 mi·

179 2711 292 2793 soror,
314 2701 363 2769 io
388 2693 589 2786 eodemque
615 2693 652 2763 in
681 2691 777 2769 hunc
797 2693 963 2763 ordinem
991 2691 1208 2765 constiturus
1234 2695 1286 2767 est
1312 2701 1482 2776 Romanas

180 2802 403 2901 Episcopus,
429 2809 468 2861 ut
492 2787 747 2883 Apostolorum
766 2790 920 2863 Petri&
942 2791 1048 2862 Parii
1065 2790 1226 2863 Honoris
1244 2797 1379 2889 gratia,
1407 2799 1482 2890 pri·

183 2926 282 2978 mum
302 2899 423 2969 locum
446 2887 537 2958 inter
557 2885 755 2980 Episcopus
770 2885 939 2976 baberet,
964 2889 1071 2958 aiium
1091 2889 1286 2962 Primatum
1305 2894 1458 2965 nussum.

230 3000 363 3090 Neque
389 2985 605 3057 Graecorum
634 2981 794 3055 Ecclesia
820 2984 986 3056 inuertot
1006 2984 1244 3079 Beatissimos,
1269 2990 1484 3084 eosdemque

183 3101 219 3170 in
245 3093 348 3168 sacris
376 3080 508 3153 Literis
535 3077 750 3153 doctissimos
777 3078 907 3173 Viros,
934 3083 1042 3152 aliurn
1061 3083 1250 3176 aliquando
1266 3085 1312 3155 de
1331 3090 1485 3162 Romana
1620 3115 1632 3125 ,

182 3187 347 3264 Ecciesra
371 3178 569 3248 Primatum
595 3174 784 3270 agnoscere
808 3180 939 3249 vosuit.
975 3179 1026 3246 -sd
1054 3181 1150 3270 quod
1178 3182 1327 3251 miretur
1352 3207 1482 3277 nemo,

183 3308 265 3361 cum
295 3276 416 3377 postea
442 3272 478 3341 in
500 3271 663 3366 Africano
682 3273 853 3345 Concilio
870 3273 1108 3356 ducentorum
1129 3276 1251 3346 decem
1272 3279 1309 3348 &
1327 3276 1411 3348 odio
1431 3280 1482 3352 E-

183 3382 415 3482 piscoporum
444 3368 480 3439 id
507 3371 601 3440 idem
627 3389 797 3464 negatum
823 3367 875 3441 est
900 3368 1076 3463 Bousfarr'o
1100 3374 1249 3442 Romano
1277 3373 1486 3470 Episcopo,

183 3482 246 3577 qui
267 3478 465 3550 Primatum
485 3466 676 3539 ambiebat.
720 3465 874 3538 Praesens
892 3485 967 3538 erat
984 3467 1103 3538 Divus
1122 3472 1344 3562 Augustinus,
1372 3482 1483 3549 Aure·

182 3584 226 3656 sio
246 3576 424 3651 Valentino
442 3562 625 3660 Episcopo
645 3562 867 3659 praefidente.
902 3565 940 3636 Si
959 3563 1069 3636 verbo
1090 3564 1156 3636 Dei
1178 3571 1268 3640 harre
1287 3567 1483 3660 supremam

182 3673 399 3747 Potestttem
419 3657 564 3732 haberet
583 3663 748 3735 Romanus
767 3657 988 3757 Episcopus,
1008 3684 1063 3734 tot
1081 3663 1237 3755 optimos
1253 3667 1485 3741 &eruditissi-

185 3794 263 3844 mos
281 3770 402 3839 Patres
422 3757 608 3849 utriusque
623 3757 779 3857 Linguae
798 3757 890 3831 haud
908 3757 1016 3830 dubie
1036 3760 1071 3830 id
1092 3783 1162 3831 non
1180 3760 1346 3858 sugisi'et,
1372 3784 1489 3856 neque

184 3862 387 3968 oegaffent,
414 3853 511 3954 quod
528 3852 634 3929 sacrae
654 3855 789 3932 Literoe
809 3854 1014 3931 firmassent.
1058 3858 1097 3933 N
1104 3858 1176 3931 ulia
1189 3881 1279 3956 ergo
1297 3861 1341 3935 de
1360 3859 1488 3934 Verbo
1601 3866 1603 3870 “

188 4026 192 4037 .
1411 3958 1486 4033 Dei
