3322 4456
381 296 683 413 PR'AE
751 301 1218 415 FATIO.

157 501 298 622 culis,
348 493 509 637 quales
546 485 629 587 fibi
668 482 859 621 quidam
885 489 1235 622 imaginantur,
1275 500 1322 588 δι
1349 495 1457 630 qui·

155 639 241 741 bus
278 667 373 735 turn
414 631 641 760 temporis
677 619 870 739 Gallos,
908 655 991 751 per
1014 625 1200 728 insitam
1227 635 1477 731 Nationis‘

155 779 432 888 leuitatem,
484 762 758 891 cumprimis
795 755 1044 879 delinitos,
1093 759 1309 863 hodierni
1350 776 1457 908 qui-

156 916 269 1011 dam
301 907 383 1003 fibi
418 897 647 1034 nobisque
680 892 950 1028 persuadere
979 928 1216 995 conantur
1247 905 1455 1032 Galluli,

160 1047 216 1148 stt
254 1035 582 1157 adscribenda,
632 1041 745 1170 quin
774 1039 962 1168 potius,
1015 1031 1167 1133 eidem
1195 1035 1265 1133 illi
1289 1037 1458 1181 benig-

107 1298 108 1301 *
159 1182 341 1285 nillimae
361 1174 563 1315 firpremi
587 1180 811 1275 Numinis
838 1171 1170 1310 providentia,
1208 1180 1458 1280 veritatem

156 1364 212 1426 ex
238 1317 468 1437 tenebris,
499 1329 544 1413 dr
571 1312 696 1412 diem
724 1351 780 1411 ex
805 1310 1063 1412 densissima
1082 1321 1237 1414 noetio
1256 1316 1462 1456 caligine

155 1462 406 1575 educenti,
439 1459 623 1551 animos
648 1446 967 1583 consessorum
993 1452 1099 1551 luce
1122 1461 1330 1556 veritatis
1356 1454 1462 1555 col-

157 1597 373 1700 lustranti
390 1605 435 1691 δι
456 1629 533 1692 eos
561 1587 774 1693 adversus
799 1588 990 1690 infinita
1012 1585 1349 1727 suppliciorum
1375 1631 1461 1733 ge-

156 1775 296 1861 nera,
347 1732 513 1854 exilia,
563 1727 962 1868 proscriptiones,
1002 1736 1168 1866 ignes,
1206 1739 1382 1832 mirum
1408 1742 1463 1833 in

156 1879 355 1978 modum
380 1869 676 1973 confortanti
701 1904 757 1968 ac
783 1867 1143 1992 corroboranti3
1451 1872 1454 1879 ’

226 2011 300 2113 Est
324 2013 515 2149 quidem
541 2015 789 2110 Farnianm
815 2013 1084 2108 STRADA
1111 2044 1167 2108 ex
1186 2007 1463 2136 Jesuitarnm

160 2149 409 2285 disciplina
442 2145 734 2266 Historicns,
777 2154 858 2282 qui
882 2145 961 2244 suo
981 2154 1082 2280 jam
1106 2178 1323 2286 tempore
1348 2184 1464 2287 prof

161 2287 319 2404 didit,
382 2313 527 2416 quam
563 2282 718 2377 Editio
756 2282 964 2383 Psalterii
1003 2288 1224 2384 Dauidici
1263 2287 1465 2386 Gallicis

158 2426 324 2523 metris
361 2419 580 2555 illigata,
647 2449 730 2550 per
765 2416 1068 2518 Clementem
1105 2428 1352 2519 Marorum
1375 2431 1468 2518 ina

117 2662 120 2667 ,
162 2560 342 2657 choata
377 2592 432 2655 ac
457 2590 540 2689 per
568 2550 890 2650 Theodorum
913 2561 1091 2650 Bezam
1116 2555 1397 2655 continuata
1418 2571 1469 2654 δι

159 2693 402 2814 absoluta,
465 2685 797 2791 accedentibus
832 2693 1101 2828 imprimis,
1164 2720 1310 2830 opera
1347 2720 1468 2832 prte-

157 2833 381 2935 stantium
408 2826 693 2929 musrcorum
706 2906 721 2950 ,
755 2826 877 2968 (quat
899 2827 1044 2928 verba
1066 2826 1172 2931 sunt
1192 2834 1365 2932 Stradae
1388 2833 1466 2970 a))

157 2970 244 3072 suis
283 2973 427 3067 cuivis
464 2966 650 3100 hymno
678 3002 859 3106 magno
886 3004 1192 3071 numerorum
1217 2972 1464 3074 lenocinio

159 3110 342 3231 modis,
369 3106 419 3206 id
434 3106 660 3230 effecerit,
685 3136 931 3209 utnovum
945 3107 1218 3208 Psalterium
1233 3110 1465 3211 abomni·

137 3247 244 3348 ‘bus
281 3252 496 3346 certatim
531 3273 848 3380 expeteretur:
887 3255 971 3347 lta
1007 3275 1167 3346 tamen
1197 3278 1248 3346 ut
1274 3284 1384 3346 cum
1408 3238 1466 3352 ea

160 3385 454 3521 hymnorum
492 3381 738 3485 translatio
779 3389 808 3482 a
843 3381 1105 3485 Pontificiis
1145 3386 1285 3525 (quos
1321 3419 1465 3490 vocat
1587 3467 1602 3485 ,

164 3523 466 3652 Catholicos)
507 3537 552 3622 dc
582 3518 868 3642 desereretur
893 3538 938 3623 δι
964 3523 1293 3649 damnaretur,
1334 3529 1464 3668 quod

168 3691 223 3759 ea
258 3693 359 3761 turn
397 3659 653 3761 obfirmato
689 3659 840 3763 studio
875 3662 1100 3769 manserit
1130 3668 1253 3808 apud
1281 3665 1465 3767 haereti-
1546 3704 1561 3716 ‘

737 3802 892 3894 *a*
1336 3844 1468 3927 ιω,

205 3991 240 4089 ³)
265 3985 342 4058 vn.
367 3985 540 4059 arnan.
564 3991 711 4061 renero
726 3993 817 4085 nerg.
841 3995 928 4067 uec.
944 4000 971 4068 1.
995 3997 1069 4068 nri.
1087 4001 1149 4069 111.
1174 4020 1205 4086 ρ.
1221 3950 1352 4065 aaa.
1372 4011 1447 4078 109.
