3322 4456
139 342 1221 458 mm.‘nnuovnrr’'
1375 382 1445 468 W

188 476 1441 674 llillllzlnllgl,‘illlisfllllslidrllzilllli

134 638 162 778 :3
188 706 297 754 noras
323 676 508 774 collegisse
532 678 646 745 vires:
684 673 721 744 bt
738 671 801 766 qui
820 693 978 743 moerore
997 677 1158 750 tacebant
1177 684 1349 779 oppressi,
1376 715 1436 764 ς..

133 833 160 874 „
187 801 255 870 put
281 798 360 847 tum
387 777 523 866 erigere
550 794 591 841 uc
619 771 772 869 gaudere
798 768 834 838 in
857 769 998 862 Spiritu
1018 769 1134 842 laneo
1152 781 1321 872 coepiffe,
1346 785 1436 861 adab

135 929 164 968 „
189 877 251 945 liic
271 875 381 942 homo
400 868 648 956 mechanicus,
676 864 842 962 prodienr
859 862 881 937 ἐ
897 864 1089 937 solitudine
1107 867 1287 967 sylvestri,
1312 903 1372 951 eor
1392 888 1433 955 ad

135 1024 162 1064 „
189 967 326 1040 causam
356 965 507 1038 Domini
533 963 642 1034 nostri
660 962 741 1055 Jesu
760 961 895 1033 Christi
914 964 1080 1035 tuendam
1098 968 1280 1042 animavit.
1325 977 1435 1051 Pnulb

134 1120 162 1160 „
188 1065 268 1160 poli
292 1065 335 1135 nd
363 1084 495 1159 pagum
521 1063 682 1135 Lirrr'um
701 1059 927 1132 nominatum
947 1082 1206 1156 pervenerunt,
1233 1069 1295 1139 ubi
1315 1091 1433 1167 popu·

134 1215 162 1257 „
190 1163 242 1233 lue
265 1185 312 1234 err
336 1161 424 1232 locis
442 1158 599 1254 undique
618 1157 851 1254 propinquis,
878 1156 921 1227 nd
941 1159 1033 1229 viem
1053 1181 1122 1252 que
1138 1161 1365 1238 ducebantur
1380 1166 1433 1240 ef·

132 1311 161 1354 „
187 1259 300 1350 fusur,
320 1257 500 1331 hominem
518 1278 600 1329 eum
619 1258 681 1352 qui
699 1254 732 1327 se
748 1254 930 1328 obtulerat
947 1253 1054 1328 facile
1070 1263 1232 1354 agnovit.
1269 1262 1431 1360 Quidam

130 1410 159 1454 „
184 1357 289 1429 etiem
308 1378 354 1426 ex
373 1355 444 1427 illie
462 1353 711 1429 Luthertnum
728 1373 810 1425 eum
825 1349 895 1423 ell‘e
912 1353 1177 1449 clamaverunt,
1197 1356 1432 1456 supplitium·

129 1506 158 1552 „
183 1477 252 1548 que
269 1453 364 1549 ignis
378 1452 492 1546 magis
510 1451 703 1540 meritum,
736 1471 843 1544 quem
860 1470 922 1521 eos
940 1450 1069 1543 quibus
1089 1472 1166 1525 turn
1185 1460 1324 1535 additur
1344 1460 1431 1536 suir-
1451 1514 1454 1517 -

130 1604 157 1647 ‚,
183 1552 255 1643 set,
289 1549 326 1620 id
351 1551 450 1647 quod
470 1547 810 1621 Latroneulrtorern
827 1564 936 1642 etque
951 1549 1028 1642 ejus
1046 1545 1211 1624 satellites
1229 1563 1432 1636 commovit

132 1701 160 1746 „
183 1667 225 1720 ut
242 1644 372 1719 erstius
390 1669 474 1719 eum
491 1646 794 1741 constringerent.

174 1795 203 1839 „
213 1743 421 1821 Consimilis
440 1744 525 1815 liuie
544 1742 691 1819 billorir
707 1758 926 1815 memoratur
943 1741 1368 1844 inprimitireEeclefie,
1387 1754 1432 1831 de

125 1843 317 1942 „quodam
342 1842 530 1936 Martyre,
556 1841 617 1935 qui
630 1839 779 1916 ,summe
802 1839 991 1913 voluntate
1006 1839 1041 1916 se
1058 1841 1195 1915 obtulit
1213 1845 1256 1917 ed
1273 1868 1429 1927 mortem

125 1963 249 2035 „curn
270 1941 313 2013 iit
329 1961 420 2034 quoe
438 1939 481 2010 ed
500 1958 647 2033 poeuem
658 1936 1046 2027 mortirduciriderat‚
1067 1939 1283 2038 &quoniam
1295 1947 1354 2020 ille
1365 1950 1430 2022 bo·

125 2061 223 2130 „mo
240 2038 451 2134 incognitus
470 2034 610 2126 suisset,
629 2034 812 2111 Adeustur
825 2035 876 2109 eil
890 2035 1109 2131 appellatur,
1128 2041 1428 2132 quodnumerum

125 2148 154 2225 ς,
179 2132 466 2204 stultissimorum
488 2135 692 2221 Martyrum
712 2129 928 2224 testiumque
940 2130 1024 2222 jesu
1041 2135 1175 2209 Clrrllii
1193 2138 1401 2218 inunxisset.

111 2235 114 2242 '
175 2277 203 2319 „
223 2226 321 2297 Cum
333 2222 566 2316 pervenissent
579 2226 741 2312 Melder,
759 2226 797 2293 in
806 2244 984 2297 carcerem
994 2250 1116 2300 omnes
1127 2232 1367 2310 incluserunt}
1386 2263 1428 2317 ne

127 2342 244 2419 „tum
263 2332 424 2416 querere
440 2321 629 2390 tormentis
642 2320 952 2412 extraordinariis,
978 2342 1020 2394 ut
1037 2344 1193 2415 vocent,
1210 2351 1426 2425 eoeperunrr

126 2474 154 2517 „
165 2416 360 2515 presertim
380 2417 423 2489 in·
436 2416 604 2488 illerxiv.
622 2414 666 2487 nd
684 2413 920 2488 accusandum
931 2422 1060 2513 eosqui
1070 2420 1218 2495 eandem
1228 2425 1427 2505 desirinan
1570 2467 1585 2476 ..

125 2573 153 2617 „
164 2517 350 2607 soverent,
367 2536 522 2612 quorum
542 2532 660 2584 tnmeo
672 2511 924 2584 nullureorunr
934 2537 996 2583 ore
1005 2513 1186 2587 aecusatus
1195 2539 1255 2590 nur
1265 2523 1428 2597 nomina·

124 2637 220 2714 „rus
242 2610 323 2685 fuit.
368 2614 411 2684 ln
434 2628 488 2683 ee
503 2609 721 2703 qutellione,
747 2631 832 2681 curn
851 2609 1031 2683 crudelem
1051 2611 1089 2684 in
1108 2613 1252 2687 modum
1273 2637 1428 2705 rortorer

124 2769 151 2812 „
161 2712 453 2790 membreeorum
465 2708 714 2800 distraherent,
732 2727 921 2780 retentum
931 2709 1261 2805 nondilacerarent,
1282 2717 1426 2811 qnidam

123 2836 204 2909 „err
224 2807 307 2908 ipsis
327 2810 450 2879 animo
466 2804 737 2895 confirmatior,
750 2800 1319 2905 enmificibueclnmalsedieitur,
1340 2816 1426 2890 bor.

123 2918 336 3007 „ratusque
354 2904 476 2997 luisse,
501 2928 547 2975 ne
572 2903 699 2976 misero
716 2903 862 2999 corpori
883 2922 1089 2996 pererrent,
1115 2908 1213 2999 quod
1232 2906 1424 3009 tantoperd

122 3006 301 3104 „spiritui
323 3003 574 3093 voluntatique
599 3003 780 3076 Creatoris
798 2999 848 3075 sui
867 3000 1056 3076 restitisset.
1109 3003 1256 3080 Postero
1272 3009 1333 3084 die
1349 3034 1425 3106 quo

124 3123 259 3199 „erant
277 3100 456 3199 supplicio
473 3096 674 3189 officiendi,
699 3099 980 3195 disputationem
990 3122 1075 3173 eum
1094 3100 1425 3187 iirdoblorestbeo·

124 3201 240 3301 „logi
274 3218 522 3286 renovarunt,
562 3193 748 3292 praeeipue
783 3199 828 3267 de
851 3195 1070 3267 sacramento
1096 3197 1229 3270 Coenae
1259 3202 1424 3285 Domini.

125 3293 234 3391 „Sed
260 3295 421 3369 Picenus
446 3294 649 3384 ἀρεταὶ,
675 3293 804 3363 incerti
818 3292 906 3388 quid
922 3292 1105 3383 dicerent,
1132 3294 1238 3390 plene
1255 3298 1425 3376 obmute-

125 3392 327 3485 „l‘cebrnt,
361 3415 443 3466 cum
472 3394 621 3466 ctericus
644 3407 822 3483 quereret
847 3388 891 3460 ab
917 3390 989 3476 eir,
1025 3392 1061 3460 in
1082 3413 1156 3487 quo
1173 3391 1321 3471 fundata
1337 3398 1427 3481 esser

128 3487 321 3581 „ipsorum
347 3483 718 3562 transsubstantintioi
751 3486 788 3559 ἃ
815 3508 858 3555 on
880 3506 963 3560 eum
982 3486 1109 3582 penem
1128 3491 1273 3565 ederent
1291 3516 1353 3571 aut
1371 3499 1426 3575 vi·

126 3637 153 3681 „
165 3606 250 3654 nurn
269 3586 455 3678 biberent,
471 3589 624 3684 aliquem
644 3584 756 3660 erinis
773 3582 996 3679 sanguinirve
1010 3584 1154 3684 gustum
1175 3593 1427 3688 perciperent?

125 3676 347 3780 „Postremo
374 3681 454 3755 lraec
480 3684 550 3756 illie
576 3685 742 3757 conditio
769 3678 888 3752 oblatu
914 3679 985 3773 est,
1020 3706 1059 3755 ut
1080 3688 1139 3777 qui
1159 3689 1292 3762 vellent
1311 3695 1345 3763 in
1362 3718 1428 3768 nu·

127 3800 240 3878 „rem
267 3775 454 3851 sacerdotis
480 3779 709 3874 insusurrare,
744 3777 841 3874 quod
866 3778 933 3849 illis
951 3780 1001 3850 esi
1020 3803 1167 3876 peccota
1182 3787 1372 3879 conliteri,
1399 3793 1426 3871 ii

122 3873 295 3979 „aliquid
320 3877 448 3975 gretie
473 3875 701 3972 obtinerent,
728 3900 793 3955 nec
811 3878 946 3977 lingue
965 3879 1013 3952 eir
1032 3881 1323 3977 praeciderentur.
1351 3887 1425 3962 lta.

1323 4005 1431 4080 „que
