3322 4456
223 308 294 386 342
433 279 816 368 HISTORIA
856 281 1300 379 EVANGELII
1351 291 1518 390 dmm.

219 462 250 507 ‚,
274 417 392 491 fuiffet
418 420 640 513 Stephanus,
672 419 769 514 quod
796 441 908 512 quum
935 417 987 489 issi
1007 416 1044 491 se
1058 418 1223 513 ignorare
1239 420 1423 512 dicerent,
1449 446 1516 500 nec

220 560 249 604 „
275 540 331 588 me
348 518 419 589 iilis
436 518 606 589 dirimam
625 515 722 610 qurd
740 536 961 610 quaererent,
985 515 1163 609 respondi.
1197 518 1351 611 Objecit
1366 519 1517 616 deinde,

221 656 251 697 ,‚
276 616 425 685 citatum
452 616 472 685 fa
498 638 555 684 me
579 613 648 685 esse
664 614 784 683 locum
805 615 1004 708 Scriptura
1021 613 1210 727 quendam.
1254 615 1433 704 Nullum,
1459 620 1516 689 in·

218 750 250 892 33
274 732 583 879 stratus
593 730 754 877 ἰιὲἱῗέἕ
756 710 1220 899 ‘13¹¹ss'a‘31p'iss‘dssztffi'as
1224 711 1517 883 '‘ss“s'siiitz

219 944 249 989 ‚‚
275 903 476 995 respondit,
505 902 587 974 Ac‘t.
605 924 701 972 xrrr.
737 902 786 971 Et
802 924 876 993 quo
894 899 1023 996 padio,
1049 904 1188 996 inquit,
1213 923 1275 974 tua
1294 904 1380 976 fides
1398 907 1435 975 in
1452 907 1518 978 bae

219 1041 249 1085 ‚,
275 996 481 1072 sacramenti
498 1004 642 1070 materia
658 995 691 1067 se
709 996 840 1068 habet?
865 1000 1011 1087 Credo,
1036 999 1204 1093 inquam,
1227 1003 1324 1093 quod
1344 1004 1517 1076 medocer

222 1139 251 1182 ‚,
277 1096 463 1188 Scriptura
492 1097 563 1167 Dei
593 1097 698 1167 sacra.
738 1093 878 1187 Ecquid
900 1095 923 1165 st
944 1095 1130 1187 Scriptura
1145 1119 1277 1187 corpus
1294 1097 1364 1169 esse
1380 1099 1517 1171 Christi

221 1234 248 1280 „
272 1191 427 1263 doceat?
462 1192 604 1280 Credo,
639 1191 807 1283 inquam,
839 1192 1010 1286 quicquid
1033 1190 1163 1287 jubent
1185 1189 1291 1262 sacrat
1310 1193 1370 1265 iiie
1389 1196 1516 1267 literae.

218 1332 249 1377 „
274 1286 494 1381 Episcopus:
539 1285 640 1375 Quid
665 1306 783 1357 autem
813 1284 838 1357 st
863 1310 936 1359 non
960 1287 1058 1360 dicat
1086 1286 1273 1380 Scriptura
1297 1287 1366 1360 esse
1384 1313 1518 1384 corpur

219 1427 249 1475 ‚,
275 1383 458 1455 Domini?
500 1385 659 1479 Sequor,
693 1384 859 1477 inquam,
894 1406 959 1477 per
983 1383 1105 1455 omnia
1131 1385 1329 1480 Scripturae
1354 1388 1519 1459 docentia

219 1524 248 1569 ‚,
272 1479 547 1568 authoritatem,
573 1480 728 1573 huicque
745 1480 950 1575 aliquandiu
963 1478 1519 1576 immorabaturquaestiunculae,

219 1623 247 1667 „
272 1572 419 1648 subinde
437 1577 624 1667 restitans,
645 1595 752 1669 atque
767 1577 973 1667 inculcans,
991 1575 1067 1673 qub
1085 1576 1120 1647 id
1139 1578 1281 1649 tandem
1297 1577 1384 1650 dore
1398 1579 1516 1673 aliqua

218 1719 247 1763 „
271 1673 408 1743 ratione
424 1673 590 1762 eliceret,
607 1673 704 1764 quod
723 1674 929 1745 venabatur.
955 1680 1007 1744 At
1024 1696 1095 1767 ego
1112 1670 1248 1765 semper
1265 1675 1358 1745 intra
1366 1698 1447 1745 eum
1459 1700 1516 1747 me

220 1769 451 1859 „circulum
476 1770 735 1861 continebam,
776 1789 819 1843 ut
843 1770 1016 1863 quicquid
1042 1769 1254 1862 ptaeciperet
1281 1767 1515 1864 Evangelicae

219 1914 248 1955 „
274 1864 472 1960 Scripturae
499 1888 636 1959 canon,
669 1866 705 1938 id
733 1888 790 1939 me
815 1886 895 1937 tota
919 1863 992 1937 fide
1015 1862 1240 1959 sequututam
1259 1861 1516 1959 responderim.

218 2008 245 2053 „
272 1960 424 2034 [bitum
443 1963 678 2057 querebatur.
705 1963 784 2035 Cut
802 1981 873 2033 tam
891 1984 998 2055 parca
1006 1962 1198 2032 verborum
1207 1959 1337 2052 essem,
1354 1962 1515 2072 adeoque

221 2106 248 2149 „
274 2056 428 2132 restrista
446 2061 483 2131 in
500 2058 769 2155 respondendo?
801 2059 986 2152 Siquidem
1005 2056 1139 2130 donum
1157 2059 1247 2130 mibi
1265 2058 1514 2155 intelligentiae
1627 2122 1632 2127 .

220 2203 248 2245 „
274 2153 397 2230 datum
415 2155 485 2229 asse
501 2156 688 2249 dicebam,
706 2155 874 2229 sermonis
890 2179 963 2229 non
981 2156 1090 2229 item:
1116 2155 1220 2251 Quid
1230 2157 1328 2252 quod
1338 2158 1518 2233 Salomon

219 2298 248 2344 ‚‚
273 2252 377 2326 nobis
404 2253 497 2326 laudi
525 2254 561 2326 id
591 2254 722 2343 vertit,
758 2253 856 2349 quod
884 2274 925 2328 tu
950 2254 1172 2346 criminaris,
1203 2260 1372 2330 mulierem
1395 2272 1516 2347 rempo-

219 2396 248 2440 „
269 2357 342 2424 rati
366 2350 524 2442 sermonis
556 2353 599 2435 &
628 2357 724 2448 parci
747 2352 864 2423 donum
886 2351 949 2447 effe
974 2354 1046 2425 Dei
1068 2349 1253 2442 affirmans.
1302 2352 1412 2424 Pror.
1433 2374 1515 2425 xix.

217 2494 245 2541 „
275 2447 409 2520 Dixisti
438 2446 548 2545 porrb
574 2451 624 2523 ait
650 2446 859 2543 episeopus,
889 2446 1036 2522 Missam
1052 2448 1123 2522 eise
1138 2446 1389 2521 idololatriam.
1432 2447 1518 2545 Ego

217 2592 245 2637 ‚,
271 2543 307 2617 id
335 2544 478 2618 inficior
502 2544 523 2619 i
549 2570 607 2620 me
632 2544 768 2619 dictum
795 2544 875 2619 esse.
916 2545 1105 2620 Caeterum
1131 2540 1380 2618 suscitantibus
1401 2568 1517 2641 nuper

217 2688 244 2731 ‚,
271 2644 515 2735 pretorianis,
549 2667 634 2716 num
664 2641 787 2716 Missas
813 2645 969 2740 privatae
985 2641 1150 2717 salutares
1167 2642 1236 2716 esse
1251 2640 1333 2739 post
1351 2641 1441 2711 hanc
1458 2643 1514 2708 vi·

216 2785 245 2828 ‚,
270 2754 341 2809 tam
367 2740 548 2814 animabus
571 2736 822 2835 bcorporibua
836 2735 1007 2811 exsolutis
1022 2738 1282 2810 existimarem:
1308 2733 1511 2838 idololatria

217 2882 245 2926 „
269 2832 430 2907 dicebam
453 2861 525 2909 non
544 2856 683 2924 carere,
711 2834 736 2905 fi
755 2834 833 2926 quit
851 2832 966 2905 Miffis
984 2832 1099 2923 magia
1115 2829 1204 2899 fidat
1219 2846 1323 2918 quam
1342 2822 1513 2933 sanguine

215 2977 244 3023 „
271 2928 444 3042 Domini,
462 2956 535 3029 quo
552 2927 728 3023 redempti
742 2925 880 3016 sumus,
898 2923 1084 3034 rursusque
1097 2920 1170 2995 iile.
1198 2913 1357 3027 Quaeso,
1375 2940 1513 3013 anqurt,

214 3076 245 3219 ζζ
270 3018 928 3217 3:¹5¹seksmssitsfrfflssssa
945 3013 1513 3208 {rsbbtttzrzrgfflsttrsz

216 3274 242 3317 „
269 3226 361 3321 gatis
388 3225 500 3294 videri
529 3239 691 3316 poterat,
726 3235 898 3315 praetetea
923 3214 1140 3290 sacerdotem
1166 3211 1340 3307 quendam
1365 3210 1414 3281 ibi
1434 3232 1513 3285 tura

215 3369 244 3412 ‚,
269 3318 415 3393 adfuisse
432 3319 615 3410 dicebam,
635 3320 696 3413 qui
714 3336 838 3389 eorum
858 3317 1021 3388 omnium
1038 3335 1120 3481 quae
1137 3331 1257 3383 eoram
1273 3308 1514 3417 ptaetoreadia

213 3463 243 3508 „
268 3412 370 3504 sunt,
406 3412 501 3485 tessir
528 3412 595 3486 esse
612 3415 746 3508 potuit.
786 3414 888 3485 Turn
908 3410 1150 3485 Cancelarius
1169 3404 1327 3495 (isenim
1347 3401 1514 3489 suit)ubi

216 3557 245 3601 „
271 3508 351 3580 hoec
378 3506 488 3578 audit.
523 3510 634 3582 Certe
660 3506 770 3600 verb,
796 3509 934 3601 inquit,
960 3507 1040 3577 haec
1058 3503 1129 3599 ipsa
1148 3503 1255 3574 verba
1271 3498 1368 3595 apud
1385 3522 1442 3571 me
1460 3521 1516 3573 at·

215 3652 244 3699 ‚‚
269 3624 339 3697 que
392 3621 581 3694 raetorem,
616 3630 693 3679 eam
712 3604 869 3679 babuisse
885 3600 1045 3677 memini.
1090 3602 1188 3672 inter
1205 3618 1357 3673 caeteros
1376 3597 1436 3690 qui
1455 3597 1516 3670 bic

212 3752 241 3795 „
267 3700 341 3773 inte
377 3718 505 3771 uerunt
529 3701 741 3798 quaestioni,
766 3726 842 3776 erar
868 3704 916 3774 D.
935 3700 1126 3776 Standicius
1144 3720 1228 3769 curn
1246 3693 1409 3793 eJusdem
1429 3690 1516 3766 fari·

215 3824 247 3897 ,ς
269 3820 326 3911 me
350 3792 556 3873 sacrificulis
583 3798 785 3891 nonnullis,
819 3800 882 3895 qui
903 3796 1016 3875 multa
1037 3819 1080 3868 ae
1094 3793 1221 3892 saepius
1239 3791 1520 3959 ἰηῑεποςιιὲιέἳιῖ

914 3924 918 3931 “
1373 3938 1400 3980 22
