3322 4456
145 294 317 390 ,A-.t532.
367 306 411 317 ··
457 286 525 362 tt
574 284 607 360 E
657 279 797 358 N‘O'
835 275 874 351 V
923 280 954 354 A
1003 281 1041 356 'l'
1091 284 1121 358 l.
1221 284 1224 291 ’
1398 279 1452 384 'sss

146 462 177 507 „
201 432 296 507 tem,
330 412 385 487 sed
413 411 611 499 eruditum,
646 397 971 500 sapientissimisque
993 402 1194 501 sententiis,
1216 392 1258 482 'dt
1278 402 1449 505 gravibus

100 533 102 537 ·
145 559 174 606 „
199 511 315 585 verbis
342 528 501 582 ornatam
528 527 635 602 atque
662 501 897 608 perpolitam:
917 521 1003 609 'qua
1020 507 1195 578 concione
1213 509 1268 577 vit
1285 506 1449 580 constans

146 657 175 704 „
202 609 238 681 ὅ(
257 607 389 702 sapiens
407 605 492 679 fidei
511 603 580 677 suae
599 600 734 689 totius,
759 617 800 667 ac
819 615 994 688 imprimis
1014 597 1143 672 Coenae
1163 604 1314 677 Domini
1333 603 1446 677 nostri

145 754 174 800 „
197 703 280 798 Jesu
308 704 466 794 Chrisli,
500 698 671 770 rationem
699 689 865 787 exposuit
892 708 991 764 tanto
1018 690 1156 787 studio,
1181 718 1277 771 tanta
1296 726 1446 776 conten·

146 851 175 892 „
201 802 319 889 tione,
353 820 395 872 ut
421 798 583 890 plerique
608 789 668 886 qui
693 808 770 860 tum
789 782 884 861 sorte*
902 787 952 860 ibi
970 786 1136 882 aderant,
1163 794 1345 887 ipsumque
1364 804 1448 877 alias

111 890 115 896 ’
149 945 177 987 ,,
202 895 407 966 audiverant
435 910 639 981 tonantem,
673 905 850 980 nunquam
876 884 978 957 illum
1007 907 1121 982 neque
1149 907 1221 957 tam
1244 891 1446 988 eleganter,

149 1039 178 1082 „
206 1012 320 1087 neque
347 1010 416 1060 tam
445 985 599 1060 feliciter
625 983 689 1057 fibi
715 984 825 1056 visum
852 978 919 1054 esse
944 982 1064 1056 dicere
1082 981 1289 1057 faterentur.
1333 993 1446 1068 Porrb

138 1081 177 1180 '„
204 1089 265 1180 qui
292 1086 483 1159 sermonem
511 1105 700 1180 exceptum
722 1080 902 1153 literatum
922 1081 1152 1154 monimentis
1172 1083 1449 1184 mandaverunt,

149 1232 177 1276 „
201 1183 254 1256 illi
272 1184 414 1279 quidem
435 1185 523 1255 banc
540 1180 659 1254 seriem
677 1181 754 1276 ejus
773 1181 1154 1276 perpetuationemque
1172 1180 1405 1258 tradiderunt.

193 1332 222 1373 „
248 1279 435 1355 Clarissimi
459 1280 547 1370 viri,
580 1276 842 1373 leslissrtnaeque
859 1271 1046 1368 foeminae,
1073 1279 1134 1370 qui
1153 1301 1307 1392 quaeque
1326 1308 1450 1361 omnes

144 1427 171 1473 ,‚
198 1378 235 1450 in
254 1378 351 1451 hunc
369 1380 489 1450 locum
510 1375 746 1464 convenistis,
764 1393 805 1445 ut
822 1371 1038 1468 supplicium
1058 1373 1182 1447 misere
1201 1379 1356 1453 damnati
1379 1383 1445 1453 ho·
1511 1400 1513 1404 ·

143 1525 171 1571 ,,
197 1477 302 1550 minis
316 1472 535 1570 speslaretis,
555 1473 770 1567 intelligite,
786 1468 928 1568 julleid
938 1467 1106 1542 effessum
1119 1474 1285 1568 quidem,
1309 1479 1445 1556 licnm.
1554 1491 1559 1496 ·⁴

144 1624 175 1670 „
201 1595 325 1645 munes
351 1574 537 1645 bominum
566 1566 778 1643 offenfiones
806 1565 1091 1653 confideremus3
1127 1590 1184 1659 at,
1221 1571 1243 1642 fi
1274 1576 1387 1672 legem
1408 1582 1447 1656 ὃς

77 1748 80 1768 ,
142 1723 170 1767 ,,
195 1671 490 1744 consuetudinem
511 1670 724 1760 hominum,
743 1665 825 1738 inde
843 1662 1001 1738 maxime
1019 1664 1328 1764 profestumresse,
1348 1679 1445 1771 qnod

140 1820 169 1864 „
193 1792 277 1842 cum
297 1769 341 1841 de
360 1770 482 1850 multis
500 1766 543 1840 ad
563 1764 708 1838 salutem
729 1765 914 1837 bominum
935 1765 1195 1861 pertinentibus
1214 1769 1338 1863 rebus,
1367 1793 1445 1854 tum

138 1918 167 1962 „
192 1863 280 1938 verb
306 1868 344 1939 de
371 1871 470 1941 Coena
495 1868 640 1940 Domini
664 1862 829 1935 nonnihil
853 1862 1036 1936 attulerim
1060 1862 1332 1965 asseruerimque
1351 1894 1447 1966 prae·

139 2015 171 2059 „
196 1981 251 2035 tet
268 1967 476 2062 popularem
498 1962 916 2058 hominumopinionem.
942 1961 1065 2055 Quam
1077 1961 1256 2058 Coenam,
1278 1971 1445 2066 inquam,

28 2074 48 2137 ,³
140 2115 168 2158 „
195 2060 377 2135 Dominus
395 2061 512 2135 noster
526 2059 799 2154 JcsusChristus
817 2060 973 2132 instituit
994 2061 1107 2151 pridie
1126 2086 1229 2158 quam
1252 2088 1317 2159 pro
1336 2067 1446 2145 saluto

143 2203 171 2249 „
196 2157 407 2240 mortalibus
434 2157 649 2228 restituenda
667 2157 711 2225 ad
729 2175 880 2226 mortem
901 2160 954 2246 (bt
976 2157 1119 2248 quidem
1140 2162 1273 2250 crucis)
1295 2165 1447 2260 profici·

144 2300 172 2345 „
197 2247 376 2337 sectetur,
408 2267 449 2317 ut
473 2250 615 2319 eosdem
634 2247 813 2319 universos
834 2251 916 2320 Deo
937 2253 1030 2322 Patri
1049 2259 1320 2352 reconciliatos,
1346 2287 1448 2336 arro·

143 2397 172 2443 ‚,
197 2342 335 2441 gandos
363 2344 397 2414 in
423 2342 516 2415 filios
534 2346 631 2438 ejus,
657 2340 806 2436 suosque
824 2345 1026 2420 cohaeredes
1044 2349 1300 2446 instituendos,
1328 2358 1365 2432 ὅ(
1386 2384 1447 2434 na.

144 2494 173 2539 „
199 2441 329 2515 talibus
349 2439 443 2536 quas
465 2440 697 2512 restituendos
716 2460 868 2511 curaret.
896 2442 937 2513 ld
957 2448 1052 2535 quod
1071 2446 1120 2516 est
1142 2448 1213 2540 ipse
1231 2471 1346 2523 morte
1361 2479 1449 2546 pro·

145 2593 174 2637 „
199 2540 275 2634 pria
291 2537 564 2625 cumulatissime
585 2535 655 2610 sine
671 2537 898 2609 dubitatione
916 2537 1139 2614 consecutus.
1166 2544 1283 2640 Cujus
1298 2549 1347 2618 rei
1360 2573 1448 2620 con·

144 2670 179 2735 „⁰
198 2638 434 2733 templatione
460 2636 696 2711 &memoria
718 2634 931 2728 sempiterna
958 2636 1112 2709 Coenam
1141 2640 1315 2715 instituit:
1345 2650 1449 2741 Apo·

144 2787 171 2834 „
199 2733 380 2832 stolosque
405 2733 553 2824 docuit,
588 2738 668 2807 haec
694 2733 981 2828 quotiescunque
1004 2733 1184 2830 facerent,
1219 2740 1257 2812 in
1275 2737 1325 2812 sui
1345 2768 1449 2823 con»,

143 2889 171 2933 „
197 2832 492 2915 memorationem
520 2832 587 2906 en‘e
612 2830 781 2906 sessuros.
830 2833 959 2927 Atque.
978 2830 1048 2906 hoc
1075 2834 1165 2908 illud
1187 2836 1355 2935 estquod
1374 2843 1449 2940 ipse

143 2983 173 3031 „
197 2955 341 3029 quoque
360 2929 438 3003 vult
459 2931 609 3024 Paulus,
628 2929 929 3027 Quotiescunque
940 2931 1200 3008 manducabitis
1211 2959 1338 3033 panem
1351 2941 1448 3021 hunc

145 3083 173 3129 „
199 3031 237 3107 &
264 3030 412 3104 calicem
438 3027 590 3119 bibetis,
625 3050 778 3101 mortem
807 3026 960 3101 Domini
978 3032 1231 3106 annuntiabitis
1248 3036 1364 3112 donec
1384 3064 1448 3116 ve·
1546 3067 1548 3071 ·

146 3182 175 3226 „
199 3129 285 3200 nint.
327 3127 413 3200 Hoc
431 3145 548 3199 autern
568 3124 710 3200 dicebat
728 3125 917 3219 Christus,
944 3132 1070 3224 panem
1091 3129 1326 3207 distribuens:
1345 3138 1448 3213 vult·

148 3272 177 3325 „
228 3248 271 3297 ue
295 3243 337 3297 ut
360 3223 577 3318 accipientes
603 3224 705 3296 illum
732 3246 890 3316 panem,
924 3243 1091 3318 tanquam
1118 3229 1381 3302 monimentum
1409 3237 1448 3310 &

146 3377 182 3420 „
201 3248 341 3420 signum
353 3322 486 3395 mortis
502 3318 769 3412 suae-,mortem
789 3317 935 3390 eandem
953 3317 1047 3392 suam
1067 3325 1334 3419 annuntiemus,
1354 3330 1392 3404 de
1410 3333 1449 3408 in

150 3470 178 3512 „
202 3422 324 3494 eadem
349 3413 1169 3512 charitose·univetfi‘toluntathucvivamus.
1218 3423 1344 3520 ltaque
1362 3452 1449 3524 pro·

151 3564 181 3609 „
201 3515 285 3590 bare
310 3515 466 3614 nosipsi
492 3515 683 3609 debemus,
718 3513 976 3613 antequamad
999 3517 1149 3590 mensam
1171 3517 1265 3594 illam
1279 3521 1450 3603 sanelrssr·

153 3664 182 3710 „
207 3632 300 3684 mam
323 3615 553 3689 accedamus:
586 3636 716 3709 nempe
735 3610 842 3685 fidem
861 3611 1034 3710 integram
1055 3615 1300 3711 &perennem
1322 3624 1450 3699 habete

152 3763 183 3808 „
207 3705 397 3800 debemus,
415 3733 552 3803 proque
567 3713 670 3785 nobis
679 3708 864 3785 Christum
883 3730 1068 3784 mortuum
1087 3712 1156 3786 esse
1173 3714 1314 3791 ducere.
1348 3721 1450 3797 Nam

153 3861 182 3906 „
206 3806 332 3909 aliter,
364 3805 547 3904 sumptum
571 3808 719 3909 indigne
745 3827 894 3981 tpptum-
913 3830 1039 3905 panem
1058 3812 1095 3886 iu
1113 3815 1453 3898 condemnationem

155 3954 158 3959 '
822 3927 839 4005 3
1331 3962 1358 4003 st
1384 3939 1451 3988 ΠΟ·
