3322 4456
166 343 330 431 A.1540.
489 332 530 404 R
578 331 611 403 E
659 327 701 401 N
751 329 788 401 Ο
836 325 873 399 V
922 327 955 400 A
1004 325 1042 399 T
1092 326 1123 399 t.
1388 349 1449 423 30¹

211 468 243 542 ς.
261 451 453 528 XCVIII.
479 453 649 524 Attamen
667 450 756 521 illud
777 447 929 521 Barnesri
945 449 1210 541 &reliquorum
1230 448 1454 542 martyrium,

164 573 238 622 non
256 551 469 646 impedivit,
494 549 579 637 quin
600 547 782 637 promovit
801 547 942 639 potius,
968 543 1163 614 doctrinam
1178 545 1453 638 Evangelicam,

163 647 319 719 animum
349 668 392 715 ue
420 638 676 714 consessoribus
703 642 814 736 magis
839 639 995 729 addidit,
1029 660 1133 731 quam
1159 640 1312 728 ademit,
1345 641 1392 710 ita
1412 660 1454 712 ut

163 670 401 814 admirandam
430 738 521 808 hanc
548 734 777 808 constantiam
806 737 951 823 intuiti,
978 731 1203 806 conscientiae
1222 732 1354 822 ductu,
1381 735 1454 807 Dei

163 838 329 925 nomine,
363 832 426 929 qui
453 856 522 926 ope
548 834 584 905 ὅ(
610 832 744 903 auxilio
770 830 837 904 suis
855 833 960 903 etiam
979 832 1014 900 in
1032 827 1175 900 summis
1192 826 1373 922 suppliciis
1391 830 1452 900 ad·

164 928 233 1000 effe
259 929 367 1017 solet,
400 947 560 998 extrema
577 950 720 1022 quoque
738 931 810 1021 pati
829 927 1096 999 constituerent.
1135 925 1315 995 Henricus
1333 946 1451 996 autem

164 1023 208 1095 ab
227 1024 289 1095 illo
309 1043 492 1115 tempore,
511 1024 597 1093 nihil
616 1045 676 1094 aut
694 1046 840 1116 parurn,
860 1023 1075 1116 minimeque
1090 1016 1242 1109 sancerd,
1261 1042 1326 1112 pro
1342 1019 1452 1091 resor-

86 1188 88 1193 .
166 1118 293 1189 manda
321 1116 480 1189 Ecclesia
506 1117 657 1213 agebat;
692 1117 801 1190 Certe
828 1121 912 1191 novi
936 1141 1024 1213 quos
1040 1115 1102 1188 sub
1122 1115 1229 1186 finem
1250 1116 1353 1209 hujus
1363 1117 1452 1186 ‘anni

165 1212 359 1304 fundabat,
395 1212 652 1307 Episcopatus,
686 1215 774 1286 nihil
798 1216 839 1286 ad
868 1213 1149 1308 promovendum
1172 1210 1454 1284 Reformationis

167 1311 273 1405 Opus
291 1307 489 1400 faciebant,
514 1311 648 1405 quippe
665 1333 748 1382 cum
766 1310 893 1382 abinde
910 1313 1013 1381 Liber
1030 1308 1090 1379 ille
1108 1307 1357 1401 Episcoparam,
1376 1308 1454 1380 Re·

166 1405 312 1502 ligionis
339 1403 450 1475 veluti
477 1405 752 1478 constitueretur
769 1407 940 1477 vexIIIum
958 1407 1031 1494 (a),
1057 1423 1097 1474 ut
1115 1404 1286 1499 quicquid
1305 1404 1348 1474 ab
1367 1403 1452 1496 illo,
1478 1456 1481 1461 .

165 1502 204 1571 in
229 1522 477 1595 quamcunque
494 1521 629 1595 partem
649 1503 862 1592 diverteret,
888 1523 1051 1595 tanquam
1073 1500 1279 1571 haereticum
1300 1497 1453 1593 proscri-

67 1596 72 1605 '
166 1595 332 1685 beretur,
366 1596 430 1666 nifi
449 1596 545 1690 quod
565 1598 648 1669 Rex
668 1617 784 1669 tamen
802 1596 935 1669 secreto
954 1597 1105 1691 quodam
1125 1594 1288 1667 mandato
1306 1594 1454 1670 fibulam

165 1690 236 1764 illis
261 1689 416 1790 injecisse
442 1692 602 1785 dicatur,
629 1694 690 1791 qui
714 1695 863 1766 nimium
883 1697 978 1766 circa
995 1691 1053 1765 sex
1071 1692 1239 1763 articulos
1259 1716 1333 1786 prae
1352 1691 1385 1765 se
1401 1691 1454 1767 se.-

163 1787 290 1860 rebant
307 1789 486 1882 rigorem,
507 1790 561 1860 uti
580 1789 663 1863 vert}
683 1790 829 1886 publico
848 1792 995 1864 Senatus
1011 1788 1202 1884 Anglicani
1220 1787 1385 1861 consulto
1396 1791 1451 1883 (b)

162 1881 340 1957 remissurn
360 1882 451 1975 suit,
468 1883 512 1957 de
530 1885 649 1981 rigore
667 1888 832 1976 articuli,
853 1911 924 1980 quo
944 1911 1038 1959 mors
1057 1885 1348 1957 interminabatur
1366 1909 1454 1958 con·
1485 1897 1487 1901 '

159 1976 296 2073 jugatis
322 1979 483 2064 clericis;
516 1981 603 2054 Fuit
624 1985 718 2057 enirn
738 2007 847 2080 poena
863 1983 987 2056 mortis
1005 2001 1225 2055 commutata
1242 2005 1324 2054 cum
1344 2006 1453 2078 poena

164 2072 429 2146 confiscationis
447 2075 638 2150 bonorum.

210 2165 427 2272 Caeterum,
460 2172 514 2238 uti
542 2171 807 2246 saluberrimum
834 2195 908 2246 erat
935 2176 1120 2247 Cranmeri
1147 2173 1375 2265 institutum,
1410 2175 1455 2249 de
1514 2228 1525 2250 .

164 2256 421 2333 constituendis
448 2260 484 2329 in
509 2269 631 2354 quavis
650 2269 811 2339 Ecclesia
829 2269 1023 2341 cathedrali
1042 2270 1196 2363 Linguae
1217 2270 1332 2342 Hebr.
1350 2290 1456 2366 atque

164 2355 310 2429 Gtaecae
337 2351 617 2449 Professotibus,
648 2385 689 2434 ac
712 2362 964 2456 amplificando
985 2363 1239 2452 studiosorum,
1266 2366 1456 2458 inpietate

162 2451 274 2524 literis
290 2475 331 2524 ac
350 2450 524 2545 religione
541 2453 867 2551 informandorum,
890 2483 1037 2532 numero
1055 2463 1132 2553 (c),
1159 2482 1202 2530 ne
1220 2481 1374 2554 unquam
1392 2462 1455 2533 de·

162 2547 248 2620 esset
267 2545 462 2658 Episcopis·
473 2547 647 2624 sufficiens
663 2555 886 2628 Clericorum
906 2557 1019 2652 probe
1035 2554 1254 2629 eruditorum
1266 2555 1393 2650 copia,
1411 2554 1455 2627 ad

162 2642 327 2717 obeunda
344 2665 481 2751 quaevis
499 2649 616 2718 munia
634 2649 890 2738 ecclesiastica3
919 2654 973 2725 Ita
992 2675 1108 2728 tamen
1121 2676 1161 2725 ea
1170 2649 1314 2725 consilia
1323 2653 1455 2745 omnia,

160 2762 227 2836 per
250 2737 486 2829 adversarios,
520 2745 581 2836 qui
608 2747 731 2843 Regio
758 2767 834 2820 tum
864 2750 984 2822 favore
1009 2748 1232 2846 gaudebant,
1265 2748 1302 2819 in
1328 2767 1456 2822 ventos

160 2838 298 2928 abiere,
332 2835 391 2907 vel
418 2833 516 2908 cette*
543 2838 710 2914 destituta
735 2844 814 2917 sunt
839 2870 880 2919 ac
907 2846 1098 2940 impedita,
1123 2843 1258 2918 infelici
1275 2867 1357 2917 cunt
1377 2845 1457 2919 Re·

161 2934 280 3029 gionis
307 2950 382 3004 tum
410 2931 615 3043 Religionis
643 2937 730 3012 sato.
773 2940 1004 3038 Nequeferd
1032 2944 1221 3040 quicquam
1240 2939 1331 3034 suit,
1357 2941 1456 3038 quod

164 3030 208 3100 ab
225 3053 269 3102 eo
288 3046 506 3137 temporem
525 3030 709 3107 Cranmeri
727 3034 885 3112 favorem
906 3036 925 3110 a
943 3041 1047 3133 Rege
1065 3034 1370 3130 fuerireffeuum,
1391 3037 1456 3113 nili

163 3123 262 3287 quod
288 3146 383 3193 circa
409 3121 598 3199 lestionem
628 3131 826 3226 Scriptura
854 3138 971 3207 Sacrae
1000 3137 1035 3205 in
1059 3135 1284 3207 vernaculum
1305 3157 1455 3206 conaer-

180 3241 232 3306 ae,
261 3235 379 3289 tamen
399 3223 634 3390 praeceperit,
660 3227 745 3298 licet
764 3253 836 3300 non
857 3230 927 3301 stne
945 3231 1065 3303 multis
1082 3228 1357 3304 testrIdIionibus
1376 3228 1455 3323 (d),

164 3333 239 3384 eam
262 3311 458 3387 conservari
477 3317 520 3389 de
547 3343 627 3409 ere5
663 3322 724 3396 Sic
743 3327 836 3394 enim
857 3324 1025 3399 Edictum
1043 3326 1093 3400 est
1112 3327 1279 3400 omnibus
1297 3325 1455 3398 Coriall-

755 3421 873 3515 ΡΜ
1388 3422 1457 3499 bus
1519 3520 1525 3524 ¹

240 3616 255 3690 )
277 3612 495 3684 BURNET.
516 3618 574 3685 fol.
589 3625 660 3701 167.

222 3635 257 3786 b)
284 3707 392 3792 Rapis.
412 3712 662 3784 THOYRAZ.
686 3722 708 3785 l.
727 3741 756 3786 c.
781 3743 810 3806 p.
831 3736 900 3805 399·
986 3752 989 3757 ·

224 3808 258 3885 c)
282 3802 494 3875 BURNET.
515 3815 697 3926 fotiano.

204 3620 221 3694 I

206 3715 220 3792 (

206 3812 220 3889 (
