3322 4456
624 298 658 387 ’.
739 303 850 402 (89.)

143 455 286 533 quoque
311 427 435 505 eadem
462 424 536 502 Dei
564 410 728 520 potentia
750 425 898 521 judiciis
924 421 992 499 suis
1011 423 1116 524 juliis
1135 426 1173 503 ὃς
1190 423 1447 523 amabilibus}

142 531 326 629 suppliciis
353 524 540 599 hominum
564 521 869 618 perniciosorum,
895 521 1064 620 praefidio
1082 523 1363 621 liberationsque
1379 546 1444 598 eo·
1486 594 1489 601 .

143 652 223 702 rutn
251 626 433 713 omnium,
467 623 529 717 qui
549 621 662 716 ipsum
682 643 802 692 amore
820 616 1121 716 venerationsque
1139 619 1444 717 complesiuntur.

144 723 256 820 Quod
283 722 396 816 ipsum
423 717 581 814 ejusdem
609 717 720 789 verbo
747 715 853 788 facile
879 715 1098 807 declaratur,
1133 717 1195 787 ubi
1214 719 1444 811 peccantium

143 823 330 894 hominurn
357 815 485 887 diluvii
513 835 675 909 ternpore
694 813 908 910 supplicium
929 811 1280 909 animadverfidque‚
1307 815 1445 887 Noach

143 939 261 992 autem
281 911 427 1007 ejusque
444 910 589 982 familiae
611 913 722 983 totius
740 911 961 982 conservatio
979 909 1203 982 describitur.
1230 910 1445 984 Declaratur

145 1019 232 1087 item
262 1013 432 1083 Sodomae
458 1006 704 1099 subversione,
731 1010 767 1081 bt
787 1010 972 1102 ereptione
989 1008 1123 1078 Lothi:
1151 1003 1356 1102 postremi),
1381 1029 1444 1078 va·

146 1111 266 1182 stitate
291 1099 600 1200 submetfiontique
618 1105 807 1178 Pharaonis
825 1106 862 1176 δι
881 1104 1168 1201 AEgyptiorum,
1195 1105 1232 1178 ὃ(
1251 1100 1379 1176 contri
1397 1103 1443 1175 li·

65 1230 69 1238 ·
145 1208 329 1280 beratione
356 1201 613 1274 lsrae'litarum:
642 1201 788 1297 aliisque
805 1201 1052 1296 compluribus
1070 1200 1293 1272 historiarum
1313 1222 1444 1273 monu·
1546 1236 1549 1243 ·

145 1304 273 1380 mentis
299 1301 336 1375 &
363 1299 556 1393 exemplis,
591 1298 720 1394 quibus
746 1299 908 1370 homines
925 1295 1079 1370 instituti
1099 1297 1298 1370 Dominum
1319 1296 1443 1370 Deum

144 1421 343 1487 aeternum,
378 1397 526 1489 Regum
554 1397 697 1492 Regem
716 1419 757 1465 ac
776 1395 980 1492 Principem
998 1394 1190 1490 agnoscere
1207 1391 1445 1491 confiterique

145 1503 288 1575 debent.
323 1496 378 1564 Ac
398 1492 600 1564 testimonia
616 1491 758 1588 quidem
778 1492 858 1564 haec
876 1493 998 1563 omnia
1016 1515 1097 1563 cum
1117 1491 1160 1562 ad
1180 1490 1445 1586 praecidendam

145 1590 350 1672 hominibus
366 1587 602 1661 excusationis
621 1587 867 1680 occasronem,
888 1588 1039 1661 fiminus
1050 1590 1169 1661 Deum
1181 1592 1444 1684 cognoverint,

145 1720 212 1769 nec
238 1695 275 1764 in
301 1687 417 1780 gloria
443 1707 512 1781 qua
530 1709 593 1781 par
609 1684 681 1778 est,
708 1683 821 1779 ipsum
841 1708 985 1781 quoque
1003 1685 1205 1781 posuerint,
1231 1686 1371 1780 optima
1388 1685 1445 1758 lo·

145 1781 449 1888 cupietiffimaque
475 1781 573 1856 sunt:
611 1802 690 1856 tum
709 1783 884 1878 prolixius
902 1784 1019 1855 adhuc
1038 1805 1078 1854 ac
1097 1779 1303 1855 familiarius
1321 1779 1445 1855 nobis·

145 1914 229 1965 cum
256 1905 384 1979 agens,
418 1879 619 1974 exprimere
637 1880 669 1952 se
687 1880 897 1952 mortalibus
914 1880 951 1951 in
969 1880 1115 1976 persona
1131 1879 1216 1952 Filii
1233 1876 1284 1951 sui
1303 1877 1442 1952 voluit:

144 1979 444 2086 quemadmodum
473 2000 537 2050 nos
564 1979 600 2049 in
625 1979 679 2049 his
697 2000 778 2075 quae
796 1976 1013 2074 sequuntur,
1039 1975 1099 2072 pie
1117 1999 1271 2074 vereque
1288 1973 1446 2063 consite·¹

141 2107 337 2303 wicus]
363 2167 515 2240 Certum
543 2168 734 2260 habemus,
769 2167 841 2240 Dei
859 2169 991 2241 Filium
1014 2169 1050 2239 in
1070 2169 1166 2241 hunc
1186 2168 1361 2244 mundum
1379 2193 1445 2247 ve·

142 2247 179 2296 ¹¹⁰
192 2244 243 2293 5¹¹⁰
256 2244 312 2291 Μ’
363 2263 468 2353 nisse,
497 2265 533 2336 &
552 2264 717 2335 humanae
734 2265 848 2336 carnis
865 2264 1055 2337 involucro
1074 2267 1148 2363 tegi
1168 2265 1338 2337 voluisse:
1375 2289 1446 2362 qua

144 2367 183 2440 in
209 2387 246 2438 re
266 2383 336 2434 una
362 2357 579 2434 christianae
599 2361 782 2457 religionis
801 2360 1008 2455 mysterium
1026 2360 1077 2432 est
1096 2360 1355 2453 constitutum,
1382 2385 1447 2436 eo·

144 2486 215 2556 que
239 2457 385 2532 nornine
411 2456 507 2554 spem
527 2454 681 2528 nostram
700 2475 813 2529 totam
833 2459 870 2530 &
890 2455 996 2530 fidem
1015 2456 1052 2528 in
1068 2456 1150 2550 Jesu
1169 2457 1338 2551 Christo,
1364 2455 1445 2533 silio

144 2560 240 2648 Dei,
276 2554 440 2627 Domino
466 2552 610 2645 nostro,
647 2554 731 2625 Deo
754 2554 975 2645 admirabili,
1000 2554 1143 2627 authori
1168 2576 1312 2629 aeternae
1331 2555 1443 2650 vitae,

140 2657 217 2730 solo
243 2651 441 2743 salvatore,
471 2648 732 2749 justificatore,
761 2649 1039 2743 sandisicatore,
1066 2650 1141 2724 solo
1160 2639 1377 2748 interprete,
1403 2651 1444 2730 ὃ(

144 2772 298 2851 patrono
323 2748 462 2845 generis
488 2749 653 2839 humani,
679 2745 756 2820 solo
781 2746 1055 2839 Sacrificatore,
1082 2749 1141 2821 cui
1159 2747 1355 2823 successore
1371 2771 1448 2826 nou

142 2851 187 2926 fit
205 2869 318 2943 opus:
350 2843 516 2942 Eumque
533 2843 618 2918 vere
636 2844 780 2937 Deum,
804 2869 846 2919 ac
864 2841 947 2919 vere
966 2845 1148 2919 hominem
1167 2845 1327 2920 existere.

152 2952 262 3030 oenon-
301 2939 502 3016 ‘Credimus
535 2960 642 3038 atque
667 2939 887 3016 confitemur
914 2943 1114 3016 Dominum
1141 2944 1299 3017 nostrum
1323 2940 1447 3038 Jesum

140 3030 262 3079 “⁹⁸⁰³“
311 3037 496 3113 Christum
516 3058 736 3136 conceptum
755 3037 825 3114 esse
840 3065 887 3114 cx
907 3041 1046 3135 Spiritu
1064 3037 1204 3132 sanilo,
1224 3064 1331 3139 opere
1349 3041 1448 3116 virili

142 3136 180 3208 in
197 3155 319 3210 totum
339 3135 498 3210 detracto
516 3135 748 3232 sublatoque,
765 3137 1068 3233 quemadmodum
1088 3138 1248 3233 Angelus
1265 3157 1449 3213 antecon-

144 3233 351 3325 ceptionem
378 3231 452 3329 ipse
476 3233 689 3323 nunciavit,
731 3232 838 3331 idque
864 3258 909 3306 eo
934 3233 1085 3306 consilio
1110 3232 1355 3328 potissimum,
1390 3234 1448 3309 uti

144 3323 293 3400 Sandtus
315 3329 525 3426 integerque
542 3327 763 3420 nasceretur,
788 3330 891 3428 cujus
909 3330 1194 3422 procreationem
1213 3331 1257 3403 ab
1275 3331 1376 3404 omui
1395 3330 1449 3408 la·

121 3512 124 3516 ¹
143 3423 189 3498 be
207 3421 538 3522 deformationeque
554 3448 702 3501 vacuam
720 3422 790 3497 esse
808 3422 1034 3499 necessarium
1054 3423 1152 3500 affec.

142 3519 292 3654 Diiunge]
319 3520 509 3596 Credimus
533 3523 572 3599 &
597 3521 817 3597 confitemur
829 3522 950 3615 Jesum
969 3519 1155 3596 Christum
1173 3523 1273 3598 omni
1289 3520 1450 3603 aeterua

143 3604 174 3641 ”⁸
193 3604 209 3640 ⁰
243 3624 250 3639 ‘
318 3620 553 3714 corruptione
577 3643 622 3693 ex
649 3621 790 3719 virgine
817 3619 936 3695 Maria
951 3639 1075 3693 natum
1094 3620 1131 3693 in
1151 3621 1336 3696 bethleem
1356 3623 1449 3718 civi·

144 3725 218 3784 tate
244 3715 305 3802 (ex
331 3712 493 3788 Michaea
507 3714 706 3814 Propheta)
733 3741 937 3816 corpusque
954 3714 1134 3815 sumpfilse
1150 3719 1194 3792 ad
1212 3717 1323 3793 nostri
1342 3716 1450 3835 plan&

144 3804 437 3906 similitudinem,
469 3833 628 3912 excepto
646 3834 823 3987 peccath,
849 3818 910 3892 cui
927 3815 1107 3900 obnoxius
1124 3814 1193 3894 esse
1211 3815 1361 3893 minime
1379 3840 1450 3926 po·

1352 3928 1447 3987 tutte
