3322 4456
20 3756 24 3761 1
140 3692 220 3740 vitro
237 3695 452 3759 auerteretur,
478 3675 519 3750 &³
537 3677 578 3737 ad
593 3679 730 3740 virtutes
741 3674 808 3753 faci

153 226 327 376 ama
486 265 1129 348 RENOVATL
1410 301 1468 380 ff

150 402 185 476 di
212 405 299 476 licet
323 395 415 496 stylo
433 422 475 472 ea
493 417 572 471 tum
592 418 738 490 quoque
752 394 827 503 jam
849 391 1015 503 transsata
1029 417 1126 492 erat,
1152 399 1212 497 qui
1234 424 1330 497 pone
1347 403 1460 502 ipsum-

148 523 269 593 erant‚
288 501 434 573 curabat
454 501 531 588 (a);
550 496 653 586 Quin
673 491 750 563 irnir
770 511 881 561 ettam
898 512 934 558 rn
952 491 1024 583 lpsa
1043 497 1253 572 Parifiorum
1273 503 1361 574 urbe
1376 503 1458 578 Lu·

150 603 236 673 teria
253 620 324 670 tres
344 595 497 693 infignes
514 593 662 667 fovebat
680 586 796 660 Verbi
816 586 946 658 Divini
961 588 1165 682 Ministroc‚
1185 601 1244 690 qui
1265 605 1459 698 negotium

148 697 287 773 Christi
315 694 512 790 plurimum
540 687 828 787 promovebant,
862 684 1051 755 Gerardum
1078 690 1207 783 Rufum
1236 698 1457 797 Magistrum

147 795 296 893 quidem
325 790 593 876 sorbonicum,
626 782 685 857 sed
712 781 856 878 pietatis
879 779 993 854 studia
1012 806 1227 888 magnopere
1243 814 1331 868 tunc
1349 800 1458 896 adju.

147 912 313 979 vantem,
348 889 510 979 duosque
534 883 623 955 alios
651 877 904 977 Augustiniani
931 879 1082 952 Ordinis
1108 884 1333 985 Monachos,
1362 899 1453 970 alte.

148 1011 230 1060 rum
249 985 450 1060 Bertaldum
469 981 617 1054 alterurn
637 978 817 1053 Coraldum
835 973 993 1050 dietum:
1020 978 1098 1074 Qui
1118 999 1235 1052 tamen
1255 1008 1375 1063 omnes
1395 993 1457 1086 (b)

148 1082 251 1158 brevi
278 1082 358 1180 post
387 1078 661 1154 adversariorum
687 1095 780 1148 nutu
806 1073 844 1148 bt
871 1075 967 1170 apud
995 1077 1140 1174 Regem
1167 1080 1455 1181 clamoribus,b

147 1205 296 1255 munere
322 1178 467 1276 publice
489 1173 730 1251 concionandi
747 1170 911 1246 desistere
929 1173 1155 1267 debuerunt,
1181 1197 1288 1273 atque
1305 1205 1350 1255 ex
1370 1185 1455 1281 pul·

173 1281 229 1353 ito
255 1278 434 1353 deturbati
462 1276 498 1348 in
524 1296 702 1350 carcerem
729 1270 811 1344 sunt
837 1270 1014 1367 conjecii:
1051 1273 1109 1345 Ex
1138 1297 1212 1371 quo
1231 1298 1348 1353 tamen
1367 1306 1455 1358 cum

144 1302 244 1453 brevi
271 1373 352 1476 post
377 1376 589 1464 evaderent,
622 1369 808 1447 Bertaldut
832 1368 1000 1466 deinceps
1026 1369 1047 1443 i
1074 1375 1224 1447 veritate
1249 1375 1453 1457 divortium

142 1475 261 1566 fecit,
295 1472 409 1548 faetus
437 1471 642 1548 Canonicus
669 1464 846 1543 Ecclefiae
873 1468 1157 1562 mortinensis,
1191 1475 1306 1572 Rufus
1332 1479 1369 1550 in
1395 1480 1458 1554 di.

143 1576 259 1648 tiones
286 1573 513 1648 Navarrenas
539 1564 695 1658 secellit,v
728 1585 836 1661 atque
856 1565 998 1638 tandem
1016 1565 1058 1638 ad
1079 1567 1337 1668 Episcopatum
1357 1577 1457 1656 Ole-

140 1670 323 1746 ronensem
359 1669 411 1744 est
444 1667 620 1755 evetium
665 1667 829 1739 Coraldus
854 1682 974 1738 autem
1000 1662 1093 1739 solus
1118 1666 1155 1739 in
1182 1672 1335 1746 veritate
1359 1699 1450 1752 con·

138 1769 230 1847 stans
246 1768 343 1869 apud
362 1767 588 1845 Genevenses
608 1763 788 1839 Gulielmi
803 1763 934 1837 Farelli
954 1762 1096 1864 collega
1114 1766 1350 1845 ministerium
1368 1775 1452 1851 obi·

136 1890 204 1948 vlt.
1186 1933 1189 1938 .

185 1966 322 2065 Neque
337 1964 417 2042 sane
434 1965 589 2040 multum
609 1959 750 2055 aberat,
780 1962 868 2060 quin
887 1962 1091 2061 Margarita
1108 1961 1248 2060 nostra,
1274 1990 1360 2042 cum
1379 1969 1452 2047 ite·

136 2067 220 2141 ratis
237 2064 456 2140 suasionibus
475 2067 512 2139 ὃς
532 2089 600 2160 pro
621 2061 850 2158 Evangelicis
869 2057 1200 2157 intercellionibut,
1226 2085 1304 2139 tum
1324 2091 1452 2145 exem·
1565 2125 1567 2127 >

139 2166 203 2256 plo
224 2163 310 2251 suo,
337 2165 506 2237 Francisci
524 2160 643 2252 Regis
660 2160 819 2229 animum
838 2160 875 2229 in
893 2160 1078 2233 mitiorem
1095 2160 1293 2237 deflexillet
1309 2163 1450 2244 lenten-

139 2259 252 2344 tiam,
283 2257 420 2348 quippe
437 2275 518 2346 quae
537 2257 589 2323 ita
607 2272 680 2318 non
699 2251 887 2323 desrstebat
904 2276 969 2347 per
987 2257 1217 2354 Aquitaniam
1237 2262 1274 2335 &
1294 2265 1457 2341 Benear-¹

137 2352 233 2426 niam
254 2371 307 2422 res
326 2346 533 2421 reformatas
553 2365 792 2442 promovere,
815 2366 856 2416 ut
874 2368 1018 2446 quoque
1035 2355 1072 2425 in
1093 2355 1133 2426 iis
1152 2357 1359 2452 regionibus
1379 2365 1452 2439 'am

139 2447 356 2524 haberentur
383 2463 525 2536 coetus,
559 2459 767 2516 crearentur
793 2441 971 2536 pastores,
998 2448 1035 2521 &
1057 2449 1165 2522 Sacra
1185 2452 1336 2525 Domini
1355 2388 1451 2532 ὃς».

137 2570 185 2623 na
203 2544 430 2646 Evangelico
447 2544 519 2615 ritu
539 2539 781 2615 celebraretur
800 2544 853 2634 (c)
881 2539 1107 2635 itascilicet,
1132 2565 1174 2618 ut
1192 2548 1272 2643 post
1290 2551 1451 2629 habitam

1361 2673 1457 2729 COR·

175 2838 226 2920 (ε)
249 2833 364 2903 uorem
388 2827 611 2899 REMOND
638 2832 703 2896 loc.
720 2831 771 2895 cit.
803 2851 833 2914 p.
850 2827 923 2911 849.
955 2832 1035 2915 apud
1059 2831 1201 2904 unul„
1227 2840 1249 2902 l.
1267 2858 1296 2904 c.
1323 2863 1354 2927 p.
1371 2847 1448 2929 467,

158 2925 191 2989 ui
214 2923 245 2990 ἀ
265 2939 336 2989 ante
355 2918 467 2986 omnic
479 2917 564 2983 addit
579 2915 740 2981 Bertraudi
758 2912 835 2980 Eliae
852 2917 1061 2984 testimouium
1076 2920 1107 2984 in
1125 2921 1262 2988 Historia
1278 2924 1450 3005 Comitum

135 2946 343 3089 iriensium,
371 3003 460 3088 quod
476 3001 535 3067 fol.
556 3017 626 3081 ¹03·
651 3000 691 3064 ita
706 3000 737 3066 se
752 3000 860 3066 habet:
884 3001 981 3083 Cujus
1000 3002 1085 3086 (scil.
1102 3001 1152 3071 Re
1175 3007 1250 3089 ine)
1267 3013 1364 3078 etiam
1379 3039 1448 3082 ma-

135 3095 224 3160 nibus
240 3088 464 3173 fauetiffimum
490 3083 572 3149 illud
591 3084 714 3154 Veteris
738 3086 872 3173 novique
894 3084 1081 3170 Testamenti
1105 3025 1267 3174 vagemur,
1290 3097 1374 3184 quod
1385 3101 1448 3166 Bi.

135 3176 228 3240 biiam
253 3174 425 3263 appellant,
456 3192 614 3258 nunquam
638 3167 692 3232 vel
712 3172 781 3232 rari
805 3171 892 3251 exit,
908 3171 1031 3259 semper
1047 3173 1183 3256 divinis,
1207 3193 1245 3238 ut
1260 3180 1335 3241 veri
1352 3182 1447 3248 Chri.

128 3259 265 3345 stiauam
291 3259 376 3323 decet
401 3259 522 3321 intenta
546 3251 678 3317 libellis:
708 3252 790 3316 nihii
808 3277 944 3341 unquam
961 3253 1019 3332 nist
1033 3256 1177 3319 divinum
1194 3262 1447 3343 cagitatsreadee-

136 3366 213 3432 que,
244 3343 317 3406 adeo
342 3357 379 3406 ut
397 3342 457 3430 ipse
474 3340 569 3402 etiam
586 3336 799 3416 meminerim,
824 3360 872 3399 me
888 3336 1051 3424 aliquando
1069 3340 1102 3400 ob
1120 3363 1155 3402 ea
1171 3364 1240 3404 cum
1256 3345 1448 3437 Appamym

137 3427 284 3513 veuiffet‚
300 3423 511 3508 humauiffimi
518 3421 730 3505 submonitum
740 3468 749 3498 ‚
760 3417 956 3508 juffumque,
970 3438 1093 3509 partem
1109 3422 1247 3514 aliquam
1264 3429 1317 3492 vel
1322 3430 1448 3502 Veteris

139 3511 191 3572 vel
214 3511 301 3575 Navi
326 3506 514 3594 Testamenti
537 3509 676 3571 maximo
699 3503 841 3588 affectu,
874 3507 1019 3570 orationis
1044 3509 1140 3581 iuliae
1164 3512 1299 3597 quotidie
1325 3513 1426 3605 legere

141 3595 281 3688 quosarre
298 3613 334 3659 ret
350 3597 412 3680 ipsa
425 3594 543 3679 ajebat,
573 3613 686 3679 trosque
702 3591 797 3652 etiam
809 3589 910 3735 gostea
925 3594 1047 3739 eugenti
1055 3593 1187 3675 sumus,
1209 3598 1309 3680 „ostra
1325 3624 1411 3669 mm
1426 3570 1450 3671 3

823 3695 872 3736 rus
888 3697 956 3739 acce
978 3701 1053 3740 ere.

180 3762 233 3842 (b)
260 3759 376 3826 BEZE
394 3761 474 3826 Hill.
493 3757 617 3824 Eccles.
636 3783 664 3843 p.
680 3778 728 3842 14.
747 3758 839 3837 8115.
864 3758 897 3823 it.
914 3759 945 3824 in
962 3761 1037 3826 Vita
1053 3759 1182 3828 Caluini
1197 3786 1226 3849 p.
1248 3769 1320 3847 367.

10 3925 14 3933 q
179 3844 322 4013 (c7)4tid.
347 3845 388 3911 du
412 3841 494 3912 PlN
518 3839 668 3912 biblioth.
693 3863 773 3913 nov.
796 3842 947 3931 scriptor.
964 3846 1201 3918 eeclefiallicor.
1221 3848 1326 3917 Tom.
1345 3850 1448 3923 Xlll.

136 3951 199 4022 P·¹
250 3975 258 3991 ·
449 3963 452 3972 '
