3322 4456
184 261 415 381 sanim
511 260 553 340 rt
601 258 634 336 rs
681 255 727 336 u
773 252 900 332 ov
948 258 981 336 s
1027 259 1171 341 sn
1428 280 1487 365 4,

175 436 204 494 5,
229 416 306 472 tunt
326 395 474 492 ponitur
492 391 601 485 fides,
617 387 675 464 seu
695 383 830 496 fiducia
847 383 884 455 in
904 382 1075 498 promiffis
1091 386 1240 466 Christi.
1270 378 1482 493 OninisJ‘ui

174 546 203 591 „
228 493 387 569 risdibiio
404 492 563 567 afferitur
578 487 647 560 eise
662 483 849 591 secularis,
884 478 980 549 nulla
995 480 1182 576 spiritualis
1198 513 1244 562 ex
1263 490 1398 566 Christi
1416 495 1472 568 iir-

176 643 204 687 „
228 593 370 666 stituto.
405 589 623 662 Psalmorunt
641 600 766 652 cantus
784 599 821 647 rn
840 573 1001 646 Ecclesia
1018 584 1238 672 reprobatur.
1287 590 1475 689 Rejicitur

49 721 57 729 ·
173 739 202 786 „
229 688 498 783 Purgatoriuns.
546 677 781 752 Probatarum
799 669 1015 766 religionum
1033 694 1117 746 vota
1132 682 1354 763 refelluntur.

222 837 252 877 „
281 787 360 857 Hos
377 805 495 854 autem
515 795 669 871 quatuor
686 767 846 857 libellos,
866 787 1085 862 praenotatos
1094 782 1365 859 errores&alios
1376 788 1471 861 mul.

176 931 206 971 „
230 903 290 951 tos
308 874 558 958 continentes,
577 870 638 962 qui
656 890 700 939 ex
717 863 926 938 exsecranda
937 864 1089 936 Lutheri
1107 864 1472 977 officinatrahuntut,
1595 923 1598 927 >

177 1026 207 1068 „
232 974 385 1066 impios,
419 968 658 1041 schismaticos
676 988 715 1037 ac
734 963 837 1036 variis
855 959 1045 1035 haeresrbus
1063 963 1203 1038 constat
1219 966 1286 1040 esse
1302 978 1470 1056 refertoss

179 1122 206 1164 „
232 1092 342 1168 quare
358 1066 466 1139 >velut
492 1061 720 1157 Reipublicae
748 1059 961 1134 Christianae
988 1060 1204 1156 perniciosos
1232 1066 1473 1154 censemus&

178 1219 207 1262 „
232 1163 315 1239 ideo
333 1163 618 1239 exterminandos
637 1162 674 1234 bc
692 1157 837 1255 publice*
855 1156 1076 1249 exurendos,
1106 1157 1288 1236 uubiorem
1308 1167 1394 1241 verb
1410 1194 1473 1244 eu·

176 1317 205 1359 „
229 1288 309 1337 rum
327 1262 369 1336 ad
389 1263 473 1335 ilios·
487 1257 658 1334 canonice
675 1255 889 1355 abjurandos
906 1255 1218 1352 compellendum:
1236 1311 1264 1354 „

152 1354 153 1358 ’
221 1374 253 1450 ς.
272 1360 386 1435 XIX.
406 1361 513 1432 Hanc
532 1354 731 1432 Censuram
743 1379 824 1428 cuni
842 1353 886 1425 ad
905 1349 1043 1425 dietum
1054 1353 1232 1430 Abbatenr
1254 1358 1293 1434 bt
1312 1385 1375 1459 per
1391 1385 1473 1440 eum

173 1457 218 1532 ad
245 1459 446 1531 Antonium
467 1457 609 1528 Ducem
631 1450 879 1550 Lothatingiae
900 1448 1068 1525 misissent
1087 1453 1329 1554 Sorboni-stae‚
1354 1487 1475 1538 acces·

176 1554 221 1630 fit
238 1556 329 1649 alia,
346 1578 456 1648 eaque
473 1577 566 1627 nova
583 1549 801 1647 Papistarutn
822 1549 1050 1640 criminatio,
1068 1549 1163 1644 quasi
1175 1553 1395 1657 Wolfgangus
1413 1562 1476 1639 ille

106 1661 109 1665 ’
173 1654 349 1751 populum
369 1651 573 1742 seduceret,
589 1672 744 1745 eumque
760 1647 804 1721 ab
823 1645 922 1720 omni
937 1645 1164 1742 Principibus
1175 1648 1212 1724 ὃ(
1223 1651 1473 1748 Superioribus

172 1752 295 1826 debita
312 1747 517 1825 obedientia
533 1749 722 1838 alienaret,
740 1766 937 1843 eorumque
949 1742 1197 1821 auctoritatem
1208 1772 1249 1823 ac
1259 1755 1473 1848 potestatem

171 1851 429 1936 conculcaret3
464 1849 563 1943 Quae
589 1845 768 1919 calumnia
791 1839 894 1924 tanto
922 1842 1157 1937 virulentus,
1191 1848 1326 1943 quanto
1347 1854 1473 1929 turbu·

172 1945 324 2021 lentiore
348 1967 427 2022 turn
453 1966 554 2021 erant
579 1942 794 2019 rusticorum
822 1943 860 2015 in
879 1939 1072 2014 Germania
1091 1944 1127 2016 ὅ(
1147 1945 1292 2020 confilia
1308 1950 1346 2023 δε
1365 1975 1474 2027 cons·

172 2045 290 2137 mina,
324 2042 612 2142 quamprimum
640 2043 684 2116 ad
704 2043 908 2137 Principem
926 2037 1041 2113 delata
1058 2039 1165 2135 effer,
1191 2044 1220 2117 is
1237 2047 1473 2142 gravissimatu

173 2139 290 2213 statim
318 2143 509 2232 concipere
535 2138 768 2210 offensionem
795 2159 904 2232 atque
929 2137 1129 2235 indignari,
1163 2142 1344 2236 quinimo
1366 2149 1473 2221 mini·

175 2236 265 2320 tari,
299 2232 333 2302 se
359 2233 492 2320 ipsam,
525 2235 562 2299 in
588 2255 658 2323 qua
681 2230 833 2301 docebat
859 2252 933 2300 uon
959 2231 1029 2306 fine
1054 2233 1209 2308 succeffu
1229 2241 1472 2342 Wolfgangus,

177 2324 328 2415 urbem,
355 2324 498 2396 flamma
515 2347 557 2394 ac
577 2322 670 2395 ferro
689 2323 906 2395 vastaturum
924 2323 1012 2400 effe:
1040 2331 1127 2402 Hoc
1146 2335 1473 2430 periculum„cum

177 2424 339 2517 optimus
364 2447 406 2496 ac
432 2417 646 2495 fidelissimus
673 2414 790 2514 pastor
817 2417 1063 2517 intellexisset,
1092 2427 1188 2496 nulla
1206 2429 1242 2497 in
1260 2452 1303 2500 eo
1322 2437 1475 2529 amplius

179 2541 257 2593 etat
275 2543 398 2607 mora,
416 2519 502 2614 quin
522 2517 550 2589 is
568 2516 609 2588 ad
632 2517 773 2588 Ducem
793 2512 1044 2610 Lotbaringiae
1063 2518 1296 2613 gravisfimarn
1317 2529 1475 2600 conscri-

176 2614 278 2691 beret
306 2615 503 2710 Epistolam
525 2615 599 2704 (a),
632 2615 669 2685 in
698 2634 767 2707 qua
785 2611 823 2686 bc
843 2607 927 2682 fidei
946 2609 1017 2682 suae
1035 2613 1208 2687 rationem
1229 2620 1410 2715 redderet,
1437 2625 1479 2703 &

200 2737 281 2788 uam
309 2713 398 2784 nihil
426 2710 447 2783 ri
472 2708 634 2783 doctrina
657 2708 717 2783 sua
741 2728 850 2804 atque
866 2706 1090 2782 auditoribus
1103 2708 1171 2784 suis
1188 2714 1333 2791 haberet
1350 2743 1474 2796 veren-

174 2737 260 2885 gum
288 2811 379 2883 Dux
410 2807 686 2900 illustriffimus,
728 2825 892 2904 apertum
918 2802 1076 2895 fuceret3
1122 2807 1175 2883 Ea
1200 2811 1329 2911 scripta
1354 2818 1406 2892 est
1435 2821 1473 2899 &

176 2906 384 3007 consignata
408 2906 442 2979 d.
472 2929 505 2980 2.
530 2907 688 3000 Januarii
716 2905 889 3000 A.1525.
934 2903 986 2978 At
1011 2901 1127 2998 verb,
1160 2907 1231 2984 five
1257 2912 1353 3008 quod
1382 2918 1475 3017 Epi.

174 3005 263 3080 stola
289 3003 438 3078 consilio
466 3003 544 3077 satis
571 3002 740 3101 improbo
760 3003 1055 3107 interciperetur,
1079 3025 1121 3077 ut
1138 3006 1180 3080 ad
1201 3010 1377 3111 Principis
1397 3042 1474 3092 nra·
1545 3065 1549 3070 -

173 3128 240 3178 nus
260 3103 531 3201 hstrdreniret,
559 3100 630 3175 five
648 3101 744 3199 quod
765 3102 845 3197 plus
862 3101 957 3197 apud
975 3114 1057 3173 eutn
1077 3104 1237 3178 vaierent
1256 3111 1473 3209 calumniae,

174 3203 347 3294 Princeps
373 3202 409 3272 in
435 3198 586 3272 consilio
603 3199 647 3271 de
665 3198 829 3270 vastanda
847 3199 989 3291 penitus
1009 3197 1099 3270 urbe
1119 3201 1155 3271 S.
1176 3203 1372 3300 Hippoiyti
1393 3235 1473 3304 pet.

176 3297 300 3372 stitiffe
318 3298 473 3384 dicitur3
494 3295 746 3391 Wolfgangus
764 3296 900 3389 igitur,
918 3311 960 3364 ut
978 3315 1053 3364 eam
1072 3293 1116 3364 ab
1131 3297 1480 3386 innocenticivitate-

175 3416 349 3470 averteret
367 3392 639 3489 tempestatem,
659 3390 692 3464 se
710 3391 793 3463 inde
811 3391 969 3484 recipere
986 3409 1094 3485 atque
1111 3389 1170 3465 sua
1187 3391 1313 3492 sponte
1326 3400 1358 3474 sc
1371 3403 1409 3475 N
1414 3430 1475 3479 an·

178 3496 295 3590 cejum
321 3493 485 3567 conferre
510 3490 768 3587 Lotharingiae·
790 3488 1031 3586 metropolin,
1066 3488 1103 3561 in
1131 3513 1201 3587 qua
1228 3495 1316 3569 Dux
1344 3499 1474 3596 praeciss

808 3582 848 3658 G
1370 3626 1477 3697 purim

222 3732 271 3815 (i)
298 3733 391 3798 Hanc
415 3730 591 3817 Epistulam
614 3753 651 3800 ex
670 3732 874 3800 Pantaleonis
899 3737 1130 3803 commentario
1151 3758 1257 3807 rerum
1280 3741 1312 3807 in
1335 3742 1479 3818 Ecclefis

179 3817 335 3904 gestarum
360 3815 432 3882 Lib.
451 3819 494 3883 11.
519 3818 578 3881 fol.
598 3836 649 3899 55.
667 3811 715 3903 sqJ
745 3818 777 3883 ἀ
801 3837 840 3885 ex
864 3815 1036 3902 Martyrol.
1062 3821 1149 3888 Gall.
1166 3845 1284 3911 magno
1301 3825 1360 3893 fol.
1378 3829 1429 3910 89.
1447 3852 1476 3897 ι

178 3905 364 3989 depromere
379 3915 474 3984 atque
490 3897 705 3997 Ducumeutis
720 3901 831 3972 uostris
845 3898 885 3970 N
887 3920 955 3987 um·
974 3904 1070 3974 vul.
1093 3907 1224 3979 inserere
1235 3910 1355 3993 volupe
1368 3912 1437 3978 fuit.
1477 3942 1482 3949 ·
