3322 4456
64 325 314 424 ,A.154d.
464 305 1116 394 'RENOVATL
1376 326 1441 407 331

149 469 249 538 rant,
285 441 392 518 fidem
419 438 611 528 haberent,
645 434 756 508 nullas
782 434 1006 508 conditiones
1030 457 1090 508 aut
1109 434 1326 510 mentionem
1344 438 1443 530 pacis

147 543 399 617 admittebant.
444 539 501 608 lta
525 541 575 606 eis
600 554 689 627 aqua
716 534 753 605 δι
781 530 855 628 igni
883 532 1108 605 interdidtum
1126 534 1188 605 est.
1231 536 1317 608 Hoc
1336 531 1442 629 padio

149 666 204 714 res
232 641 359 736 partim
380 632 541 704 minis&
561 633 721 702 inanibus
739 628 880 701 alterius
898 631 1005 723 partis
1025 629 1218 725 promissis,
1243 632 1372 727 partim
1391 629 1442 702 al·

151 740 260 810 terius
285 730 504 819 diffidentia,
537 754 557 801 a
582 724 698 798 mense
717 727 821 825 Majo
838 726 880 798 ad
900 727 1003 800 Non.
1022 749 1133 822 usque
1152 726 1376 800 Novembris
1391 725 1445 802 est

151 830 319 907 extrudis.
355 830 389 914 n)
1368 837 1369 840 ’

200 940 232 1013 §.
251 836 359 998 Clrd.
387 924 478 994 Sunt
502 917 611 1009 verb,
645 940 685 992 ut
712 920 750 989 in
775 919 943 1015 Angliatn
972 919 1154 1011 redamus,
1178 942 1271 992 anno
1288 918 1447 1017 sequenti

158 1035 263 1117 ¹54⁶·
298 1019 468 1114 Capitula
502 1039 644 1110 quoque
679 1018 863 1088 omniane
891 1020 1166 1109 Fraternitares,
1208 1017 1344 1112 altaque
1371 1017 1449 1105 cois

155 1118 480 1216 legiaseculariunt
507 1114 756 1203 sacerdotum,
791 1118 852 1206 qui
881 1114 1108 1209 pensionibus
1134 1118 1257 1187 annuis
1283 1111 1449 1188 frueban-

153 1238 240 1308 tur,
275 1213 560 1287 celebrandarum
591 1233 656 1304 pro
681 1209 855 1282 desundtis
882 1211 1068 1285 Missamm
1095 1216 1235 1307 gratia,
1275 1211 1310 1282 in
1336 1213 1451 1308 Regis

197 1314 306 1385 enrici
342 1332 464 1382 manus
491 1308 690 1404 resignata3
742 1307 860 1379 addita
887 1314 1061 1404 potestate
1080 1313 1135 1404 (b)
1169 1309 1452 1405 quandocunque

154 1315 321 1515 iibucsit,
355 1407 519 1478 mandata
545 1408 589 1474 de
616 1405 657 1476 iis
683 1406 923 1498 occupandis,
959 1406 1093 1502 finique
1110 1430 1150 1477 ac
1168 1407 1367 1479 haeredibus
1385 1406 1455 1480 suis

155 1513 192 1605 iq
219 1527 432 1604 perpetuum
458 1502 708 1591 vendicandis,
743 1503 1008 1599 promulgandi.
1051 1507 1172 1598 Atque
1198 1503 1248 1577 est
1275 1523 1350 1576 turn
1369 1527 1456 1599 pro·
1540 1525 1573 1550 Ἴ

67 1659 69 1664 .
155 1607 228 1677 lina
255 1605 297 1674 ad
326 1600 497 1673 utramvis
524 1599 687 1669 Domum
715 1597 833 1671 habita
859 1602 975 1696 Regis
1001 1601 1153 1692 Oratio,
1189 1605 1291 1697 cujus
1309 1602 1456 1675 brevem

159 1703 220 1774 hic
247 1701 365 1796 legere
391 1698 559 1771 summurn
582 1694 750 1792 juvabit:
800 1747 828 1789 ‚,
855 1698 998 1770 Gratias
1024 1699 1057 1770 se
1084 1699 1238 1790 habere,
1272 1699 1357 1770 Rex
1383 1699 1457 1794 uje-

158 1851 185 1894 „
204 1797 287 1889 bat,
322 1819 405 1869 cum
432 1816 499 1890 pro
527 1792 681 1864 subsidio
708 1791 750 1866 ad
769 1792 902 1868 sumtus
920 1796 1069 1869 bellicos
1083 1793 1273 1886 concesso,
1296 1815 1372 1867 turn
1392 1815 1459 1891 pro

159 1949 187 1992 „
208 1896 329 1985 Billa,
372 1915 453 1988 quae
489 1889 583 1964 illarn
620 1891 858 1964 concernebat
888 1895 1128 1988 capitulorum
1157 1892 1462 1986 &collegiorum

158 1991 504 2088 „resignationem
538 1986 798 2082 respondere,
832 1993 930 2060 omni
961 1991 1075 2063 studio
1102 1991 1136 2061 se
1161 2012 1391 2078 curaturum,
1421 2005 1463 2062 ut

161 2142 188 2183 „
210 2087 371 2158 Ministri
389 2086 648 2169 sustententur,
668 2081 780 2154 studia
799 2108 1101 2174 promoveantur,
1121 2109 1363 2182 pauperesque
1379 2083 1463 2161 sub·

162 2233 190 2274 „
209 2183 372 2254 leventur
387 2210 400 2263 3
447 2180 542 2247 Mox
569 2177 661 2271 ipsos
688 2196 926 2271 experturos,
961 2183 996 2255 se
1021 2185 1093 2275 spei
1120 2185 1225 2254 dese
1252 2202 1464 2275 conceptae,

161 2276 313 2372 „etiam
341 2268 444 2368 sopra
469 2291 620 2362 votum,
656 2269 915 2364 responsurum.
963 2277 1111 2371 Insuper
1139 2276 1323 2370 postquam
1350 2278 1466 2350 Com·
1545 2362 1549 2367 p

163 2426 190 2469 „
209 2392 334 2444 rnunes
359 2369 403 2441 de
429 2366 492 2440 suo
518 2389 602 2462 erga
628 2364 721 2458 ipsos
747 2390 889 2456 amore,
925 2393 967 2443 ac
995 2373 1213 2446 certitudine
1238 2375 1282 2445 de
1307 2372 1466 2470 ipsorum

164 2491 295 2566 „erga
328 2465 361 2539 se
389 2465 561 2539 fidelitate
588 2464 758 2535 certiores
784 2466 1017 2562 reddidisset,
1060 2471 1238 2559 unicum,
1279 2490 1322 2541 ut
1348 2470 1468 2565 impo-

165 2619 192 2662 „
213 2565 343 2636 sterum
370 2565 616 2659 corrigerent,
650 2561 841 2647 monebat·,
877 2564 910 2636 se
935 2570 1030 2638 enirn
1054 2566 1357 2657 animadvertere,
1383 2565 1468 2640 ioco

166 2717 194 2760 „
214 2660 397 2733 charitatis
424 2659 461 2731 dc
486 2659 706 2730 Concordiae
725 2655 859 2732 diffidis
878 2661 995 2754 passim
1016 2667 1052 2737 dt
1072 2665 1319 2738 contentiones
1336 2663 1471 2738 invale-

167 2813 196 2857 ,‚
214 2757 321 2829 scere.
363 2757 517 2829 Paulina
543 2755 718 2851 allegabat
745 2756 853 2828 verba
868 2758 1042 2852 dicentis,
1072 2762 1285 2834 charitatem
1301 2760 1361 2856 effe
1379 2761 1470 2836 beni·
1611 2837 1613 2843 ,

166 2910 194 2954 ,,
208 2877 332 2953 gnam,
358 2876 420 2926 non
438 2853 608 2943 invidere,
636 2876 697 2925 non
714 2854 843 2944 inflari.
873 2857 971 2928 Dum
992 2853 1100 2948 vero,
1126 2880 1216 2930 unns
1235 2860 1343 2931 aliurn
1362 2877 1472 2934 voest

166 3006 194 3052 „
213 2952 450 3041 haereticum,
484 2948 572 3021 alter
598 2948 748 3022 aiterum
764 2953 930 3048 appellat
950 2948 1125 3054 Papistarn
1144 2955 1385 3046 Pharisaeum,
1407 2956 1472 3029 nbi

168 3104 197 3147 „
217 3048 350 3124 indicia
367 3046 448 3120 sunt
467 3044 674 3119 charitatis?
702 3047 824 3141 Hujus
843 3049 930 3125 verb
948 3055 1032 3126 mali
1051 3053 1185 3127 causam
1203 3051 1388 3150 praecipue*
1407 3055 1473 3127 Po

168 3200 197 3242 „
215 3147 329 3218 tribus
348 3147 386 3218 ὃς
406 3141 629 3216 Βοᾶοτὶὴυε
647 3142 928 3239 Ecclesiasticis,
954 3148 1119 3224 adversirs
1138 3149 1171 3222 se
1190 3151 1369 3243 invicem,
1393 3149 1474 3224 aba·

169 3295 197 3338 „
215 3263 285 3338 que
311 3242 485 3313 charitate
511 3241 548 3315 ὃ(
575 3239 765 3334 prudentia
791 3242 998 3320 Concioner
1026 3247 1265 3338 habentibus,-
1293 3249 1474 3341 imputa*

173 3388 201 3435 „
221 3339 302 3412 darn
321 3337 412 3428 esse,
437 3338 522 3410 dutn
543 3338 601 3409 alii
621 3335 732 3409 veteri
752 3333 814 3408 suo
832 3345 1072 3438 Mumpfimus,
1097 3343 1214 3439 rigide*
1233 3345 1337 3417 nimis
1354 3344 1474 3419 udis»

169 3489 198 3532 „
218 3455 342 3527 reant,
373 3435 432 3507 alii
460 3458 556 3507 novo
582 3433 645 3507 suo
663 3435 741 3527 sum
754 3439 859 3528 fimus
883 3440 1036 3514 nirniurn
1063 3441 1244 3536 tribuant,
1277 3443 1474 3537 paririsius

171 3585 199 3627 „
217 3554 314 3607 terea
350 3532 679 3605 concionatoribus
753 3532 877 3606 erburn
910 3536 983 3612 Dei
1012 3536 1145 3613 sincere
1169 3538 1475 3615 annuntiantibus

175 3629 421 3724 „Quomodo
448 3649 566 3702 aurern
593 3630 692 3704 vivet
717 3629 754 3702 in
781 3635 976 3711 concordia
1002 3636 1156 3714 misellus
1181 3639 1357 3737 populus,
1389 3640 1474 3710 durn

767 3727 889 3807 Tre
1110 3816 1134 3840 ,Ι
1195 3824 1211 3833 ,Ι
1324 3734 1474 3831 „Con-

216 3852 267 3932 (a)
292 3849 378 3915 conf.
393 3846 585 3917 THUAN.
602 3842 736 3935 incipit.
788 3862 811 3874 ·’
1245 3867 1249 3875 ·
1296 3850 1312 3887 ''
1396 3852 1401 3882 ³

217 3937 269 4016 (b)
294 3928 767 4018 nunnamenster
903 3929 909 3943 '
1006 3950 1011 3957 ’
