3322 4456
161 316 329 410 A..s54s.
483 309 524 386 R
572 305 607 383 E
655 305 697 383 N
747 305 785 382 0
833 303 873 382 V
921 304 956 381 A
1003 304 1043 380 Τ
1091 304 1124 382 1.
1394 320 1467 406 345

163 487 193 532 „
217 438 317 531 fieri,
350 459 455 534 quam
481 436 704 523 amicorum,
738 434 940 531 intelligere
963 451 1081 506 autem
1108 430 1163 523 se,
1194 455 1240 506 ex
1268 428 1394 506 illustri
1421 457 1465 510 ac

165 582 193 628 ,‚
216 537 385 635 generosa
409 557 465 607 me
492 554 607 605 ortam
636 530 790 622 familia,
823 543 931 699 atque
955 533 1090 602 amicos
1116 528 1243 602 habere
1266 530 1464 627 conspicuo
1551 601 1553 607 .

163 636 404 731 „splendore
431 633 547 721 viros,
582 626 711 725 quibus
731 629 801 700 hoc
825 629 868 700 de
895 650 989 699 erem
1009 626 1099 698 serre
1116 648 1302 718 acceptum
1322 625 1462 702 benefi·
1521 623 1524 628 ’

164 776 192 820 ,,
218 736 329 803 cium.
374 729 429 798 Ad
457 729 535 798 haec
562 724 671 798 verba
697 722 884 799 interfatus
908 722 960 797 est
979 722 1231 816 Christophorus
1248 723 1389 816 quidam
1410 724 1463 799 D.

164 872 192 916 ,‚
219 829 329 898 Denei
347 822 518 895 famulus:
547 823 681 918 Atqui,
709 823 847 915 inquit,
873 842 975 893 tuum
994 839 1089 908 erat,
1115 817 1360 913 dEpiscope,
1388 821 1460 893 Dei

163 967 192 1011 „
217 921 317 992 caulis
350 925 469 1013 potius
504 943 606 1012 quam
645 919 830 990 hominurn
863 919 931 988 hoc
958 920 991 989 ei
1017 913 1205 988 contulisse
1231 913 1460 990 beneficium.

161 1065 191 1106 „
219 1017 417 1090 Consulens
442 1017 568 1088 deinde
593 1014 780 1109 episcopus
805 1014 978 1110 scriptum
1006 1013 1094 1084 mihi
1122 1010 1253 1100 tradit,
1292 1013 1468 1085 mandans·

163 1161 192 1203 „
218 1134 258 1185 ut
285 1117 317 1186 ei
337 1114 599 1186 subscriberem.
642 1108 838 1205 Subscripfi
858 1115 978 1204 itaque
996 1112 1030 1181 in
1049 1109 1139 1180 hanc
1156 1108 1300 1199 quidem
1321 1105 1456 1181 formu·

163 1258 191 1299 „
218 1210 314 1301 lam,
357 1214 428 1304 Ego
456 1217 557 1282 Anna
586 1211 724 1280 Arkina
750 1208 842 1281 credo
866 1212 974 1280 omnia
999 1228 1071 1302 quae
1095 1212 1131 1279 r’n
1148 1205 1220 1298 fide
1243 1207 1377 1298 scclrfiae
1402 1229 1459 1279 ca·

162 1356 193 1398 „
215 1311 345 1384 rholicae
369 1313 585 1380 continentur.
634 1303 747 1399 Quod
776 1305 837 1377 ubi
863 1306 954 1376 vidit
983 1303 1074 1394 ille,
1116 1298 1269 1374 offensus
1295 1323 1366 1371 non
1395 1324 1458 1398 pa·

162 1428 294 1493 „rum
322 1408 443 1498 iraque
470 1400 708 1473 inflammarus
734 1401 770 1469 in
796 1399 1004 1480 cubiculum
1031 1401 1125 1470 intus
1152 1419 1323 1492 quantum
1342 1395 1462 1492 potest

153 1547 188 1590 „
213 1501 392 1594 irrumpit.
420 1500 506 1571 Nec
527 1522 625 1569 mora
642 1496 890 1592 consequitur,
916 1495 936 1569 e*
956 1494 1107 1590 vestigio
1125 1493 1290 1568 dominus
1307 1495 1457 1586 Bryran·

163 1644 192 1688 „
216 1620 299 1687 nur,
333 1599 524 1691 deprecans
550 1618 613 1689 pcr
630 1592 723 1666 sacru
741 1595 860 1665 omnia
876 1592 1124 1666 celsitudinem
1144 1588 1272 1687 ipsius,
1298 1609 1461 1689 parceret

155 1732 190 1785 ·„
216 1693 410 1765 iracundiae
431 1693 642 1786 veniamque
661 1692 750 1763 mihi
767 1691 842 1790 ejus
861 1692 1034 1764 tribueret
1052 1688 1287 1784 ignoscentia.

208 1840 235 1881 „
260 1789 472 1884 Respondet
497 1791 580 1879 ille,
618 1788 812 1861 Mulierem
839 1789 989 1883 quidem
1011 1783 1078 1860 esse
1103 1807 1182 1876 me,
1216 1808 1282 1858 nec
1300 1785 1460 1861 animum

157 1933 188 1978 „
214 1886 321 1980 ipsius
348 1891 536 1982 quicquam
564 1883 734 1959 fefellisse.
775 1888 875 1958 'lum
902 1887 1008 1958 alter:
1050 1882 1186 1956 Verum
1214 1885 1359 1981 quidem
1386 1882 1460 1958 hoc

37 2043 38 2046 ,
159 2031 187 2073 „
212 1981 384 2074 affirmat,
418 1989 576 2080 adeoque
604 2007 661 2055 me
687 2003 727 2055 ut
754 1981 939 2055 soeminam
968 1979 1161 2072 aestimare,
1187 2005 1231 2054 ne
1248 1978 1461 2056 muliebrem

163 2127 192 2168 „
218 2079 350 2149 sensum
372 2103 489 2151 meum
508 2079 702 2152 excellenti
718 2080 887 2173 sapientia
904 2076 1011 2174 ipsius
1030 2078 1150 2149 metiri
1169 2080 1270 2151 velit.

205 2204 236 2258 ·„
249 2173 337 2245 Pon
362 2175 441 2242 lraec
459 2172 694 2268 subingressus
712 2176 754 2243 ad
774 2196 855 2243 eum
874 2175 1001 2246 dostor
1018 2173 1213 2266 Westonur,
1239 2173 1376 2246 causans
1392 2198 1460 2248 ex·

162 2312 191 2357 ,‚
217 2266 322 2359 ponit
341 2288 404 2335 cur
421 2266 583 2339 adderem
605 2267 692 2336 illud
710 2267 754 2335 de
771 2268 919 2340 ecclesia
934 2269 1136 2358 catholica,
1160 2292 1235 2341 eam
1253 2267 1463 2367 fuissequod

159 2411 190 2454 ,‚
216 2360 383 2434 nescirem
408 2364 483 2458 ejus
504 2360 629 2434 faslam
648 2362 805 2456 superius
823 2360 924 2438 fuisse
943 2363 1176 2436 mentionem.
1221 2365 1378 2438 Densum
1397 2367 1462 2439 vix

160 2507 189 2551 „
216 2457 329 2530 multa
356 2483 462 2554 prece
487 2460 532 2533 ab
557 2483 601 2532 eo
627 2458 856 2555 impetratum
883 2463 956 2556 est,
981 2481 1023 2533 ut
1042 2460 1172 2532 rediret
1188 2459 1309 2534 denub
1329 2485 1463 2536 nornen

158 2605 188 2650 ‚,
214 2576 333 2628 meum
350 2579 392 2629 ac
411 2557 653 2654 fidejussorum
671 2579 909 2652 excepturus,
934 2580 1086 2656 quorum
1105 2557 1195 2631 alter
1210 2579 1283 2630 erat
1304 2559 1354 2632 D.
1371 2561 1462 2652 Bry-

160 2703 191 2748 „
214 2666 360 2744 rannus,
385 2655 474 2727 alter
491 2656 786 2749 uspumannus,
805 2654 1035 2730 e'uristarum
1046 2654 1206 2751 collegio
1217 2659 1343 2747 Graio,
1361 2654 1461 2751 quod

42 2821 48 2829 .
158 2799 188 2845 „
213 2749 407 2843 appellant.
435 2753 531 2827 Haec
547 2752 611 2824 ubi
629 2749 782 2846 perse&n
799 2680 932 2843 edent,
953 2751 1177 2849 sperabamus
1192 2777 1280 2826 mox
1298 2751 1464 2828 futurum

157 2898 187 2942 „
212 2864 254 2919 ut
273 2869 355 2920 cum
381 2849 447 2922 hac
463 2847 698 2923 transadione
716 2848 975 2946 sponsioneque
989 2869 1139 2945 accepta
1156 2850 1243 2925 ilico
1260 2852 1464 2926 dimittere·

157 2995 187 3040 „
212 2966 315 3037 mur,
345 2947 453 3044 juxta
474 2949 566 3046 juris
582 2949 804 3042 nequitatem.
846 2949 898 3022 At
915 2947 1103 3045 episcopus
1121 2947 1157 3018 id
1176 2951 1375 3024 concedere
1392 2949 1463 3021 mi·

158 3092 188 3136 „
212 3040 310 3115 nime
328 3044 494 3137 volebat,
521 3049 647 3118 iterum
668 3069 725 3118 me
744 3047 903 3144 relegans
920 3049 957 3120 in
974 3067 1177 3137 carcerem,
1203 3049 1238 3118 in
1256 3048 1462 3142 sequentem

157 3186 188 3231 ,‚
212 3138 381 3212 videlicet
406 3142 515 3214 diem.
558 3141 701 3227 Postera
726 3141 896 3240 deinceps
918 3145 999 3217 luce
1017 3147 1054 3235 iu
1072 3142 1186 3215 aedem
1207 3145 1461 3239 praetorianam

158 3281 187 3326 „
214 3254 348 3325 vocor,
382 3238 444 3309 ubi
471 3239 562 3309 nihil
579 3240 686 3309 etiam
706 3237 903 3330 perfedlum
922 3240 1005 3331 est,
1023 3238 1088 3310 nifi
1107 3238 1205 3335 quod
1222 3238 1394 3334 scriptum
1415 3238 1461 3327 il·

159 3378 188 3424 ‚,
214 3325 275 3401 lud
298 3330 471 3408 duntaxat
488 3334 646 3430 episcopi
668 3355 708 3406 ut
727 3332 809 3408 ante
828 3335 1096 3429 proferebatur:
1123 3358 1196 3430 quo
1215 3335 1397 3433 perleblo,
1422 3336 1462 3412 iu

157 3424 410 3522 „custodiam
444 3432 564 3506 denuo
591 3434 769 3506 remittor.
816 3431 990 3530 Juffitquc
1015 3430 1196 3528 sponsores
1223 3432 1397 3528 postridie
1423 3433 1461 3508 iu

160 3573 188 3616 „
213 3523 291 3597 aede
308 3527 382 3599 divi
402 3529 503 3604 Pauli
522 3552 752 3626 comparere,
777 3530 930 3626 quod&
950 3525 1164 3604 udum-est.
1199 3531 1286 3606 Nec
1304 3532 1461 3606 multum

158 3669 188 3713 „
212 3618 329 3695 abfuit
356 3628 443 3720 quin
469 3627 506 3702 &
534 3627 584 3703 ibi
611 3631 741 3703 iterum
764 3625 985 3723 fidejussores
1000 3650 1098 3702 meos
1116 3650 1154 3701 rc
1172 3625 1337 3703 frustrata
1352 3628 1461 3705 dimi·

158 3766 188 3812 „
215 3712 354 3810 fillent,
379 3717 425 3791 eb
444 3723 542 3816 quod
561 3728 705 3798 nornine
723 3724 867 3798 alterius
884 3723 1069 3817 foeminae,
1096 3726 1199 3825 cujus
1216 3750 1330 3822 neque
1347 3730 1460 3800 vitam

154 3863 185 3913 „
209 3836 325 3913 neque
351 3815 489 3910 causam
517 3821 694 3900 habebant
720 3847 765 3897 co
795 3823 930 3924 uitam,
952 3848 1032 3924 pro
1049 3820 1209 3924 ipsorum
1226 3824 1375 3910 libidine
1392 3821 1460 3993 sege

653 3954 657 3963 '
822 3943 1045 4013 X·····
1142 3982 1147 3991 ·
1258 3942 1460 4013 4»οἵ
