3322 4456
252 355 340 429 Hoc
366 354 510 451 ajebant
537 356 573 428 in
599 380 643 431 eo
670 349 905 453 crimenesse
925 359 1195 460 gravisimum,
1229 364 1329 462 qubd
1356 369 1522 470 ingenue

206 477 284 549 prae
310 451 344 525 se
370 453 505 526 serebat
532 454 655 537 odium
687 458 722 529 in
741 457 902 532 morosos
920 463 1093 557 quosdam
1113 463 1350 562 Theologos,
1375 493 1418 543 ac
1437 495 1520 545 mo·

206 548 343 623 nachor
377 577 451 625 non
486 549 606 627 minus
631 551 769 628 feroces
795 555 903 654 quam
933 558 1094 633 stolidos.
1147 563 1190 634 ln
1219 563 1283 635 hos
1311 563 1426 660 palam
1454 568 1520 645 de·

208 644 474 743 bacchabatur,
508 676 576 724 nec
598 650 822 726 stomachum
840 656 940 731 suum
959 654 1171 731 dissimulare
1189 682 1345 755 poterat.
1387 664 1522 742 Fuerat

208 740 264 816 illi
292 748 429 843 pridem
457 748 576 824 nescio
599 750 684 845 quid
705 748 1051 828 cmflieatiunculae
1070 780 1154 828 cum
1175 758 1363 833 Grilbelmo
1380 764 1522 860 ‚Quem

110 892 114 897 -
208 840 421 955 Tbeologo.
456 847 558 921 Hinc
581 845 668 945 οἱςχῆ
690 857 729 920 τί
743 854 884 945 rorstet.
908 852 1006 927 Mox
1023 876 1067 924 ex
1088 852 1236 947 libello,
1263 880 1368 951 quem
1388 861 1522 955 opinor

208 940 389 1037 ediderat,
422 943 606 1044 decerptae
626 946 712 1037 ,sunt
737 948 878 1043 aliquot
902 946 1110 1043 sententiae,
1145 976 1227 1048 quae
1252 944 1459 1031 viderentur
1475 957 1521 1034 ad

209 1034 295 1113 fidei
312 1045 524 1141 negotium,
550 1066 592 1114 ac
612 1040 758 1137 perinde
774 1046 817 1114 ad
837 1046 1116 1145 Theologorum
1137 1053 1387 1146 cognitionem
1409 1057 1522 1148 perti·

209 1161 305 1213 nere.
332 1141 445 1213 Erant
462 1159 636 1236 quantum
655 1140 801 1212 memini
819 1139 927 1235 huJus
946 1144 1021 1218 sere
1038 1148 1190 1242 generis.
1224 1199 1252 1239 „
1270 1149 1311 1219 ln
1329 1153 1522 1225 concioni·

207 1287 238 1331 „
257 1236 323 1309 bur
341 1232 542 1330 incongrue
561 1234 700 1308 beatam
723 1235 915 1330 Virginem
934 1239 1098 1317 invocari
1115 1266 1183 1339 pro
1202 1243 1343 1337 Spiritu
1363 1245 1521 1344 Suadeo,

208 1384 237 1431 „
255 1357 322 1407 nec
345 1333 430 1430 apte
449 1334 570 1403 vocari
590 1332 727 1403 sontem
739 1333 856 1406 omnis
869 1340 1021 1432 gratiae3
1041 1339 1077 1412 ἃ
1091 1341 1281 1412 incantico
1293 1340 1520 1439 vespertino,

206 1482 240 1526 „
255 1449 387 1527 praeter
413 1431 681 1525 scripturarum
699 1427 1018 1530 consuetudinem,
1044 1437 1216 1534 appellari
1235 1435 1331 1536 spem
1350 1441 1387 1514 &
1407 1444 1521 1516 vitam

207 1578 235 1622 „
254 1525 433 1616 nostram,
451 1549 561 1622 quum
576 1526 1209 1631 haecmagisquadrentinFilium.„
1231 1535 1299 1610 Ob
1311 1537 1520 1635 hujusmodi

208 1625 342 1698 naenias
361 1622 487 1696 dudlus
506 1623 555 1695 est
574 1624 611 1694 in
629 1649 829 1717 carcerem,
849 1655 929 1705 reus
948 1633 1120 1705 haereseos
1140 1635 1362 1728 periclitatus
1376 1634 1440 1708 est.
1467 1639 1521 1711 At

204 1721 375 1819 Judices,
400 1722 465 1794 ubi
481 1720 649 1793 viderunt
667 1721 803 1793 causam
821 1724 893 1794 esse
912 1727 1045 1797 nullius
1063 1729 1261 1815 momenti,
1286 1728 1521 1804 absolverunt

198 1817 404 1899 bominem.
429 1815 508 1909 Qui
526 1815 749 1906 detulerant,
769 1813 952 1910 jadlebant
970 1840 1052 1890 eum
1070 1819 1124 1892 ela
1153 1820 1227 1893 sum
1245 1817 1369 1890 favore
1377 1824 1518 1918 Regis,

208 1910 282 2015 ipse
309 1912 529 2011 predicabat
554 1910 588 1985 se
614 1909 909 2008 jurevidlorem,
936 1917 975 1991 ὃ(
993 1845 1187 2012 apparabat
1204 1913 1367 1989 libellum
1387 1919 1522 1993 trium·

207 2004 364 2109 phelem.
394 2010 438 2082 ln
457 2010 529 2085 hoc
543 2009 699 2085 articulo
717 2023 836 2087 rerum
856 2015 946 2089 mihi
965 2007 1124 2111 primum
1144 2014 1263 2110 coepit
1281 2012 1518 2093 innotescere.

210 2098 363 2209 Scripsit
389 2109 431 2182 ad
459 2132 516 2183 me
535 2107 580 2183 de
597 2109 702 2207 causa,
715 2110 797 2203 sua,
822 2109 941 2223 deque
952 2108 1097 2210 judicio
1113 2134 1242 2208 parum
1263 2132 1393 2207 aequo,
1418 2110 1521 2209 quod

208 2208 363 2310 Qercrrs
391 2207 427 2283 δι
456 2207 573 2285 Bedda
590 2204 751 2297 tullffent
767 2206 812 2301 de
827 2206 1042 2304 qmbusdam
1060 2207 1202 2308 scripsit
1220 2208 1319 2295 meis.
1361 2206 1421 2282 Ex
1440 2210 1521 2305 epi·

176 2343 181 2349 ·
210 2300 300 2391 slolt
317 2302 410 2382 visus
428 2303 479 2380 est
495 2304 584 2381 milti
603 2306 805 2381 virbonus.
829 2306 1017 2381 Admonui
1036 2327 1156 2383 tamen
1169 2328 1327 2383 amanter
1335 2329 1377 2380 ac
1387 2296 1521 2402 libere‘,

208 2400 237 2481 si
255 2405 414 2504 saperet,
439 2423 617 2501 premeret
633 2403 736 2480 suum
753 2406 985 2501 encomium,
1012 2404 1140 2483 smeret
1156 2407 1369 2497 crabrones,
1395 2403 1523 2480 &suis

209 2492 245 2605 se
265 2502 389 2578 studiis
406 2501 616 2578 obledlaret.
642 2501 810 2596 Deinde,
829 2501 875 2577 ne
895 2528 953 2591 me
970 2505 1174 2599 involveret
1189 2501 1403 2594 suaecausae,
1421 2501 1522 2599 quod

208 2592 355 2701 utrique
371 2602 576 2703 nostrorum
589 2600 992 2679 ,sorctincommodum
1033 2600 1099 2676 llle
1116 2622 1158 2675 ut
1171 2600 1336 2699 babebat,
1348 2599 1521 2698 quiddam

210 2726 294 2777 cum
327 2702 444 2797 palma
470 2716 688 2791 commune,
731 2693 899 2791 adversirr
915 2700 1167 2789 deterrentem
1192 2700 1343 2793 tollebat
1371 2701 1521 2769 animos.

211 2796 302 2872 Eam
331 2800 537 2871 cantionem
565 2794 670 2867 semel
691 2814 799 2889 atque
817 2798 950 2889 iterum
967 2795 1219 2887 occinui,sed
1236 2792 1363 2885 surdo,
1389 2791 1521 2863 vatici·

125 2888 128 2893 ’
209 2882 295 2967 nans
323 2888 377 2964 illi
404 2886 567 2964 futurum
586 2889 759 2984 quicquid
776 2889 1051 2983 evenitrpostea.
1084 2880 1339 2981 Tametlitam
1358 2907 1520 2965 atrocem

208 2991 347 3065 exitum
367 3012 440 3058 non
458 2982 713 3078 expedhbam,
732 3005 903 3077 magnum
924 3003 1043 3076 tamen
1062 2982 1213 3077 omnino
1232 2984 1365 3056 malum
1383 3009 1521 3083 expecg

211 3085 341 3162 tabam.
368 3078 625 3180 Prorepserunt
644 3080 786 3152 interim
806 3077 920 3151 libelli
937 3079 1030 3153 clam
1048 3068 1196 3177 excusi,
1219 3082 1350 3201 quibus
1368 3107 1413 3157 ex
1432 3087 1522 3160 rneit

211 3183 320 3259 rersrs
339 3183 566 3281 interjecerat
583 3178 641 3273 sua
659 3176 837 3274 quaedam.
882 3177 926 3257 ld
942 3178 1005 3273 ubi
1025 3176 1279 3274 sensr,„acrius
1290 3181 1521 3281 expostulavi

212 3308 295 3359 cum
324 3283 490 3356 homine:
527 3276 628 3376 quod
652 3301 718 3351 nec
745 3275 949 3372 prudenter.
964 3300 1110 3377 ageret,
1134 3274 1202 3367 libi
1221 3279 1354 3379 pariter
1371 3307 1412 3355 ac
1431 3280 1522 3354 mihi

211 3382 445 3456 verfiunculir
470 3358 648 3482 ejusmodi
673 3375 835 3449 conflans
862 3399 1009 3473 gravem
1036 3374 1236 3468 invidiam,
1271 3379 1373 3452 nullo
1399 3376 1523 3452 frudlu

210 3481 376 3580 pietatisr
412 3503 478 3550 nec
506 3478 584 3549 satis
612 3473 728 3549 amice
755 3470 913 3565 faceret,
947 3477 1013 3571 qui
1038 3500 1095 3548 me
1114 3477 1194 3569 plur
1211 3475 1293 3550 satis
1310 3497 1523 3574 gravatum,

210 3598 377 3675 pergeret
396 3577 510 3673 magis
526 3577 632 3648 etiam
652 3596 859 3671 aggravare.
891 3574 928 3648 Si
943 3576 1085 3670 juraret
1105 3571 1220 3668 ipsum
1239 3575 1415 3672 ejusmodi
1434 3598 1524 3646 con·

211 3674 481 3749 flidtatiunculis
500 3675 658 3747 exerceri
671 3672 790 3761 ,mihi
812 3672 902 3745 nihil
920 3675 1034 3767 minus
1045 3669 1112 3744 elle
1122 3672 1236 3746 cordi.
1265 3674 1419 3746 Proinde
1429 3671 1526 3746 suam

210 3773 347 3852 causam
378 3771 425 3847 fic
451 3793 598 3871 ageret,
634 3770 679 3844 ne
706 3772 763 3843 me
780 3766 1001 3846 admisceret.
1045 3771 1112 3846 llle
1129 3770 1181 3846 sui
1202 3770 1325 3846 fimitis
1344 3771 1528 3870 respondit

365 3910 368 3915 ·
1466 3890 1525 3943 me
