3322 4456
222 291 272 385 48
436 266 817 364 HISTORIA
859 283 1305 369 Evam-null
1357 293 1532 398 Arm}

226 412 430 488 CANON
448 420 499 503 (a)
530 411 584 486 est
608 410 740 498 editus)
766 409 1169 488 BLASPHEMUM:
1200 418 1316 492 Prnnt
1333 422 1528 496 articulum

224 515 385 587 decimum
408 512 669 609 pronunciant,
701 510 896 581 drumm
911 510 1132 585 Boreum
1148 515 1191 596 ὃ
1209 516 1358 591 Lurlrerr‘
1370 543 1529 593 mortu.

228 611 268 684 dc
291 611 336 682 ad
362 610 553 681 articulum
577 603 925 716 decimumseptimum
940 629 1136 701 annotant,
1167 661 1195 704 „
1214 614 1335 706 quod,
1360 617 1398 688 in
1415 630 1530 711 qum.

229 758 259 801 „
285 727 364 780 tum
387 708 418 779 is
440 705 633 801 praetendit
651 703 804 777 liberum
820 703 1009 777 arbitrium
1028 708 1065 776 in
1082 707 1187 780 bonis
1203 711 1377 805 operibus
1393 713 1531 786 nullam

229 853 258 897 ‚,
284 803 414 877 habere
438 802 636 893 adlinnem,
669 801 700 873 it
727 799 769 871 lit
797 800 1089 875 Manicbaeorum
1115 828 1216 878 error
1242 830 1306 904 per
1321 808 1532 883 Lutlrcrum

229 952 259 996 ‚,
284 923 493 993 renovatur,
520 903 637 999 fitque
653 897 857 970 baereticut.
875 950 903 988 „

280 1000 419 1072 Interea
444 1019 589 1090 tamen,
613 991 800 1090 quomodo
824 994 932 1065 iidem
961 995 1183 1069 Sorbonistae
1201 998 1295 1074 suam
1315 1002 1411 1075 illam
1428 1002 1533 1076 dein·

230 1120 316 1192 cept
341 1095 534 1171 Censuram
560 1090 770 1178 clauserint,
800 1088 1061 1198 pervidendum
1078 1092 1152 1179 est,
1177 1096 1286 1190 idque
1303 1125 1371 1193 pro
1398 1103 1458 1173 riis
1475 1103 1532 1197 ip·
1568 1158 1572 1163 .

228 1193 346 1269 sorum
374 1194 505 1268 verbis,
522 1191 579 1282 (b)
620 1237 649 1277 „
666 1186 803 1257 Praeter
826 1184 1052 1294 praescrrptas
1076 1189 1341 1281 propofitiones
1386 1222 1430 1269 ve
1445 1200 1534 1272 mi.

229 1343 258 1387 „
282 1294 407 1379 culos,
424 1288 529 1360 nobis
546 1283 660 1358 oblati
677 1281 756 1353 sunt
774 1300 930 1376 quatuor
948 1280 1082 1373 lrbelli,
1100 1305 1206 1356 mauu
1224 1308 1266 1358 ut
1283 1289 1419 1362 dicitur
1434 1297 1532 1386 einr.

169 1401 179 1416 ‘
230 1441 258 1484 „
284 1390 364 1461 dem
392 1384 589 1494 Wolfgangi
612 1376 806 1489 scripti‚·e
823 1377 988 1473 pestilera
1005 1379 1160 1452 Lutheri
1175 1381 1340 1458 dostrina
1356 1386 1532 1484 desumti,

229 1538 258 1677 :3
282 1476 1534 1673 lllllzffdsslllf'fisslbl‘'ieiss‘frl‘b‚bzllfiltl‘ul

229 1729 258 1773 „
284 1679 477 1752 Orationes
494 1677 538 1747 ad
558 1671 707 1748 sanctos
725 1672 762 1745 ὅ(
779 1695 904 1744 eorum
916 1671 1116 1772 Imagines,
1130 1675 1247 1746 veluti
1266 1673 1454 1751 fimuhcra
1470 1705 1534 1759 aut

230 1826 258 1871 ,‚
283 1775 380 1850 idola
395 1774 626 1865 damnantur,
652 1768 796 1843 tollitur
811 1769 966 1844 libemm
983 1771 1192 1862 arbitrium,
1217 1769 1380 1848 aufertur
1393 1775 1440 1849 ab
1458 1777 1534 1854 Ee.

229 1925 257 1968 ‚,
283 1870 390 1948 clefia
424 1869 530 1943 Ordo
565 1866 819 1959 sacerdotalis,
851 1891 968 1963 neque
994 1869 1186 1941 discrimen
1211 1868 1357 1967 aliquod
1383 1876 1536 1970 ponitur

230 2024 258 2066 „
284 1969 512 2046 Clericorum
531 1968 569 2043 dr
589 1968 809 2078 Laicorum,
840 1963 1055 2038 Christiana
1075 1963 1248 2040 libertatis
1293 1991 1450 2046 raetextu
1469 1974 1534 2050 Sa·

230 2121 258 2164 „
284 2067 426 2141 thanica
445 2065 610 2141 Libertas
629 2064 796 2138 statuttur
812 2062 851 2137 dt
868 2061 961 2135 sacra
977 2063 1021 2134 ab
1039 2061 1203 2140 Ecclclia
1220 1991 1382 2142 inAituta
1395 2071 1537 2167 jejunia

229 2218 258 2262 ‚,
285 2162 510 2264 respuuntur.
558 2169 662 2240 Alius
682 2160 757 2255 est,
791 2161 827 2233 in
846 2160 918 2331 Ep.
936 2160 981 2234 ad
998 2160 1167 2256 Galatas,
1191 2165 1254 2336 (pul
1271 2189 1347 2240 non
1362 2163 1435 2239 alib
1453 2187 1535 2243 ten·

230 2318 258 2360 ‚,
283 2263 339 2336 dit
362 2286 467 2360 quam
486 2262 529 2338 ad
546 2261 737 2338 evertenda
754 2259 866 2334 Eccle
896 2282 928 2332 ac
946 2280 1131 2358 praecepta
1148 2262 1187 2340 &
1217 2287 1323 2363 eges,
1348 2265 1475 2341 merita
1493 2267 1536 2345 dt

230 2416 257 2457 ‚,
283 2360 378 2435 bona
401 2385 510 2457 opera
536 2363 574 2439 dt
600 2360 798 2436 dodrinam
815 2358 931 2434 sanam
949 2360 994 2434 de
1010 2360 1201 2435 auriculari
1217 2360 1457 2457 confeffione,
1481 2362 1537 2439 st·

228 2515 257 2558 „
283 2456 506 2555 tirl'adlione,
530 2458 672 2536 delcdlu
688 2459 855 2534 ciborum
873 2458 911 2532 dr
930 2460 1070 2533 caeteris
1086 2458 1343 2533 confimilibus.
1377 2460 1537 2535 Probare

228 2616 256 2658 „
281 2562 387 2636 etiam
406 2561 537 2635 nititur
554 2556 867 2636 circumcilionem
887 2557 1061 2631 &cetera
1078 2554 1228 2655 legalia,
1246 2556 1314 2632 lrac
1323 2555 1535 2655 tempestate

230 2711 257 2753 „
284 2660 393 2732 licere
410 2657 611 2746 observari,
629 2659 844 2751 decalogum
861 2653 931 2724 elle
947 2652 1184 2746 abrogatum,
1202 2655 1241 2725 &
1259 2655 1330 2726 sola
1340 2653 1479 2723 Christi
1487 2652 1535 2720 fi·

230 2804 259 2845 „
284 2754 328 2822 de
347 2770 533 2836 manente,
566 2769 700 2820 caetera
717 2749 837 2816 omnia
853 2765 970 2836 neque
987 2762 1170 2834 praecepta
1187 2741 1256 2812 ell'e
1271 2762 1388 2833 neque
1432 2740 1533 2810 robi-

229 2898 258 2943 „
283 2844 376 2916 bita:
399 2846 500 2917 Alius
517 2840 659 2915 libellus
676 2840 812 2912 dicitur
823 2837 1060 2925 Sermonum,
1078 2834 1141 2924 qui
1158 2833 1253 2905 ultra
1269 2854 1387 2929 propo
1418 2833 1535 2911 tiones

230 2994 257 3037 ‚‚
282 2939 419 3011 oblatae
444 2934 700 3032 compledlirur
724 2935 790 3005 alia
814 2931 921 3004 etiam
948 2929 1148 3022 virulenta,
1173 2947 1304 3025 utpote
1321 2930 1420 3025 quod
1438 2931 1535 3008 idem

231 3090 258 3137 ,‚
283 3034 335 3111 est
354 3031 547 3122 Sacerdos,
574 3029 797 3105 Clrrillianur
814 3026 1027 3118 baptizatur.
1067 3023 1182 3124 Quod
1201 3029 1368 3122 peccavit
1385 3028 1536 3107 Martha

229 3189 257 3235 ,‚
282 3130 526 3211 sollicitudine
552 3129 589 3201 in
616 3125 824 3222 receptione
841 3123 990 3198 Christi.
1033 3122 1147 3219 Quod
1167 3125 1377 3200 ldololatrrc
1398 3126 1466 3202 lint
1482 3126 1535 3204 sa·

230 3289 258 3333 ,‚
284 3256 379 3310 cram
401 3226 658 3305 Eucharistianr
677 3223 873 3298 adorantes.
905 3222 1092 3299 Abolenda
1107 3247 1198 3321 aqua
1214 3223 1412 3298 benedidla.
1439 3227 1537 3302 Ante

230 3388 258 3432 ,‚
284 3354 428 3406 crucem
455 3325 578 3401 abusus
603 3324 654 3400 est
680 3347 796 3420 genua
821 3319 987 3416 flectere,
1021 3323 1060 3398 dt
1087 3324 1256 3421 pleraque
1275 3322 1349 3394 alia
1374 3346 1534 3398 erronea.

229 3486 259 3530 „
288 3432 328 3504 ln
353 3432 470 3502 ultimo
497 3425 649 3519 denique
677 3422 801 3496 libello
827 3420 963 3494 diversa
989 3421 1222 3510 continente,
1260 3418 1366 3491 Milia
1384 3441 1536 3517 negatur

230 3582 257 3627 „
282 3526 351 3604 elle
369 3523 596 3602 sacrificiunt.
623 3522 682 3595 Ad
695 3520 951 3596 Eucharistiam
967 3517 1536 3614 suscipiendamptaeparatiotan·

1402 3667 1432 3710 ‚,
1457 3637 1537 3691 tum

273 3774 322 3857 (a)
347 3769 435 3856 Quid
452 3767 610 3835 pontificii
625 3787 677 3852 per
693 3765 846 3832 canonem
861 3762 965 3849 Mrffae
980 3761 1165 3848 intelligant.
1197 3760 1275 3826 Vid.
1291 3759 1409 3828 Introd.
1425 3763 1459 3824 iu
1474 3759 1537 3825 Hi·

234 3862 301 3920 dor.
319 3856 391 3936 Res.
410 3855 440 3939 A.
460 3852 593 3921 CXIX.
618 3872 685 3937 pag.
705 3847 776 3934 289.

291 3944 326 4021 ³)
350 3941 414 4007 vid.
434 3939 591 4027 Atgcnrrt
613 3942 635 4004 l.
651 3956 679 4002 c.
703 3956 734 4022 p.
753 3953 803 4000 ar.
