3322 4456
180 374 347 462 ΛΑΜ.
506 353 1144 432 RENOVATl.
1407 374 1479 460 3r9

179 487 387 583 iniquitate,
418 482 489 554 live
514 481 623 551 nimia
645 502 768 550 eorum
790 479 918 573 quibus
937 479 1251 571 committebatur,
1278 481 1479 559 cunetatio-²

111 661 115 668 ,
178 608 244 675 ne,
269 608 308 657 ut
328 609 366 654 ea
384 605 445 675 per
467 577 670 650 Eduardum
690 577 832 648 demum
854 577 1006 648 Henrici
1025 575 1278 670 successorem,
1296 580 1394 653 suum
1415 594 1476 656 ac·⁸

180 675 317 776 ceperit
338 676 657 770 complementum.
960 731 961 736 ,

228 767 1478 867 Nisiquodcerimoniaetamenquaedamsuperstitiosae,annosequenti

177 874 274 946 suasu
293 869 501 957 Cranmeri,
529 868 762 963 praecipiente
780 868 887 960 Rege
905 867 1091 937 videantur
1109 866 1275 938 abolitae:
1304 870 1477 943 Cranme-

180 992 239 1041 rus
266 970 359 1040 enim
387 967 428 1037 ad
450 968 591 1062 Regem
607 962 718 1034 Vlll.
743 961 895 1034 scribens
915 965 964 1054 (a)
992 966 1155 1058 A.1545.
1181 963 1342 1059 equidem
1363 966 1407 1035 de
1425 968 1478 1037 in·

179 1065 306 1137 stituto
334 1065 396 1135 illo
425 1062 711 1133 Corillitutiones
740 1059 1002 1131 Ecclefiasticas
1022 1059 1223 1149 condendi,
1251 1083 1416 1155 tanquam
1435 1064 1480 1136 de

181 1185 219 1235 re
247 1159 388 1257 prorsus
415 1160 603 1231 obliterata
626 1157 786 1250 loquitur
805 1155 859 1247 (b)
886 1177 926 1228 ut
946 1177 1061 1228 tamen
1083 1159 1164 1227 Rex
1184 1157 1416 1229 intermill'um
1438 1159 1481 1230 il·

169 1259 243 1331 *lud
262 1257 448 1330 confilium
468 1275 648 1350 repetere,
668 1274 773 1347 atque
792 1255 1003 1327 cerimonias
1023 1255 1210 1346 quasdam,
1236 1278 1270 1326 v.
1290 1277 1327 1350 g.
1352 1255 1482 1328 Crucis

178 1357 442 1443 adorationem,
480 1354 517 1425 &
545 1350 755 1424 consuetum
784 1374 919 1422 morem
951 1352 1065 1445 pridie
1084 1349 1159 1421 festi
1181 1351 1217 1424 S.
1237 1354 1391 1423 Andreae
1409 1354 1481 1424 tin·

180 1453 363 1525 tinnabula
389 1447 547 1546 pulsandi
575 1447 693 1520 etsrm.
718 1446 890 1542 abrogare
908 1450 1052 1536 volens,
1078 1449 1185 1518 animi
1204 1446 1254 1519 sui
1273 1447 1482 1522 sententiam

180 1552 377 1622 Cranmero
402 1550 550 1642 propius
569 1546 787 1635 explicarem
816 1546 957 1635 quando
976 1544 1089 1615 statim
1110 1569 1129 1614 a
1149 1547 1347 1616 Cranmero
1368 1546 1481 1618 literar

179 1645 259 1718 sunt
278 1646 485 1734 delineatae,
504 1667 589 1740 quas
606 1644 777 1735 Princeps
797 1641 856 1712 ille
873 1643 915 1713 ad
935 1641 1057 1714 ambos
1076 1641 1400 1736 Archiepil‘copos,
1421 1644 1483 1738 qui

116 1790 121 1800 x
179 1767 263 1816 cum
290 1745 427 1838 reliquo
453 1741 551 1814 clero
578 1763 633 1812 eas
660 1739 962 1812 communicaturi
989 1759 1108 1830 erant,
1143 1739 1293 1811 scribere
1318 1739 1482 1813 debebat.

179 1840 222 1914 In
248 1841 445 1936 appendice
472 1835 579 1928 verb,
616 1860 697 1933 quae
725 1838 777 1908 illi
807 1860 910 1932 quam
932 1838 1108 1926 diximus,
1138 1834 1311 1933 Epistolae
1331 1836 1485 1910 subnexa

178 1939 252 2028 est,
278 1935 564 2034 conquerebatur
583 1933 820 2023 Cranmerus,
853 1985 879 2022 „
898 1935 1063 2028 sacrilega
1080 1938 1281 2006 temeritate
1299 1934 1484 2006 cathedra·

178 2086 206 2127 „
232 2035 302 2107 lent
331 2033 424 2105 suant
455 2029 743 2103 Cantuariensem
775 2031 969 2102 licclesmm
997 2029 1179 2122 spoliatam
1208 2030 1330 2120 fuiffe,
1365 2031 1485 2105 Deca-

179 2180 206 2220 „
233 2151 388 2218 numque
413 2129 450 2197 &
476 2127 687 2218 Capitulum
709 2127 818 2194 literis
836 2126 1068 2216 quibusdam,
1095 2152 1179 2218 quas
1199 2129 1319 2199 Aulici
1340 2126 1485 2224 subrep-

178 2273 205 2316 „
232 2220 314 2295 title
342 2223 379 2294 &
404 2218 601 2310 obreptitie
621 2222 923 2311 impetraverant,
950 2224 1064 2291 varios
1087 2223 1258 2294 Ecclefiae
1278 2221 1406 2313 fundos
1424 2225 1487 2295 ab·

178 2371 206 2414 „
232 2320 382 2391 alienare
407 2312 550 2386 coactos
578 2313 702 2398 soille,
740 2312 881 2404 Quodli
910 2317 1023 2411 igitur
1048 2317 1132 2388 Rex
1163 2318 1225 2388 libi
1253 2320 1339 2411 quid
1366 2339 1487 2414 petere

179 2466 207 2511 „
234 2417 414 2511 placeret,
449 2412 484 2482 id
512 2433 618 2489 omne
643 2409 677 2480 se
704 2408 808 2481 facile
836 2411 898 2504 ipsi
928 2411 1080 2484 celluros
1106 2412 1194 2500 effe,
1227 2414 1338 2485 modo
1357 2437 1398 2487 ut
1414 2413 1486 2508 ipse

181 2565 209 2607 „
238 2512 302 2584 srbi
323 2515 357 2584 id
378 2508 551 2601 reservet,
579 2531 652 2581 non
671 2508 713 2579 ad
733 2509 884 2580 aliorum
905 2511 1115 2605 petitionem
1135 2510 1179 2582 ab
1199 2509 1358 2582 Ecclesia
1376 2530 1487 2584 trans⁴

182 2663 209 2705 „
235 2612 324 2682 ferat
343 2607 385 2680 ad
404 2607 503 2678 alios.
523 2659 550 2698 „
1250 2611 1253 2620 '

229 2708 317 2779 Erat
343 2707 414 2776 hoc
441 2722 582 2799 tempus
610 2723 682 2796 quo
708 2726 805 2791 novo
832 2700 930 2775 bello
957 2726 1039 2776 cum
1070 2703 1179 2779 Gallo
1207 2729 1308 2799 reque
1335 2724 1488 2781 aecum

182 2804 303 2879 Scotis
322 2800 520 2897 implicitus
539 2817 613 2872 erat
627 2801 830 2888 Hernicus,
849 2802 967 2895 quod,
990 2823 1029 2872 ut
1051 2823 1151 2872 tanto
1164 2805 1289 2900 majori
1304 2829 1386 2875 cum
1402 2801 1490 2877 faci·

183 2904 283 2976 litate
310 2897 491 2973 conficere
518 2896 657 2993 posset,
694 2896 909 2992 sutriumque
935 2899 1158 2971 subditorum
1188 2906 1323 2973 mimos
1353 2900 1415 2972 fibi
1446 2901 1490 2974 li·

184 3003 258 3072 mul
285 2999 507 3081 devinciret,
543 3017 685 3065 omnem
707 2996 848 3065 navarit
867 3020 1032 3089 operam,
1059 3017 1100 3067 ut
1120 3001 1262 3091 utrique
1279 3001 1371 3095 parti
1392 2999 1491 3073 cited

186 3097 396 3186 religionem
418 3090 632 3162 diffentienti
653 3091 918 3179 quodammodo
937 3092 1172 3177 satisfacerem
1207 3097 1266 3167 Sic
1286 3100 1401 3184 enim,
1427 3097 1490 3170 de·

186 3181 332 3265 mortuo
360 3192 518 3260 Thomae
549 3188 955 3280 Audlequancellurio,
993 3192 1054 3285 qui
1086 3194 1288 3283 purioribus
1307 3193 1409 3263 sacris
1427 3193 1488 3264 ad·
1534 3179 1565 3275 l

1341 3289 1490 3363 modum

140 3398 144 3406 '
230 3392 367 3474 (alvid.
386 3388 601 3458 BURNET.
627 3391 706 3455 Hill.
732 3389 805 3455 Ref.
832 3391 962 3471 Anglic.
988 3389 1059 3454 Lib.
1078 3391 1120 3456 lI.
1142 3391 1284 3473 [ους-ο.

229 3479 281 3554 (b)
308 3478 400 3541 lianc
421 3475 609 3557 Epistulam,
635 3492 783 3557 tanquam
805 3475 1009 3538 memorabile
1025 3476 1092 3554 ejus
1112 3478 1167 3539 aeri
1185 3493 1435 3555 munumentum
1454 3499 1492 3546 ex

191 3558 459 3640 chartophylacio
480 3557 581 3635 Remo
599 3561 712 3637 edidit,
737 3577 831 3637 atque
849 3558 990 3631 Historiae
1009 3559 1069 3622 suae
1086 3561 1216 3637 luchcit
1236 3561 1493 3628 lllullrisBUR-

190 3637 375 3728 NE'l'US.
405 3642 468 3704 vid.
487 3639 685 3705 Document.
703 3643 740 3706 ad
760 3644 837 3706 Vol.
852 3643 893 3705 ll.
911 3661 940 3708 n.
953 3640 1048 3706 LXl.
1066 3641 1122 3705 fol.
1139 3661 1206 3721 ¹39·
1228 3662 1296 3722 140.
1330 3649 1380 3708 nbi
1399 3648 1493 3711 fimul

190 3741 322 3805 qnoque
348 3720 516 3806 Exemplar
543 3724 686 3806 Epistulae
711 3747 808 3807 quam
837 3725 903 3787 Rex
930 3727 967 3788 ad
986 3727 1197 3792 Crarrtnerum
1214 3731 1334 3791 mittere
1352 3730 1494 3794 {latuerat

190 3806 411 3887 responliriae,
453 3808 490 3868 de
515 3810 698 3891 abrogandis
723 3810 783 3873 illis
809 3811 1025 3892 l'upelllitiusrs-
1042 3812 1164 3890 ritibus,
1197 3812 1363 3894 reperitur,
1396 3826 1493 3895 quarn

189 3891 342 4040 utraqrvis
367 3888 540 3974 Epistulam
563 3891 640 3957 iuter
665 3891 873 3962 Documenta
896 3894 998 3960 uollta
1020 3892 1059 3960 N
1063 3916 1124 3962 um.
1143 3893 1354 3964 XXXVlll.
1379 3897 1495 3960 referte

186 3994 265 4057 Juva
287 3991 319 4041 tt.
