3322 4456
178 414 184 421 -
224 366 312 442 Nec
337 366 431 440 trina
451 363 512 440 illa
529 363 797 463 interrogatio,
821 386 892 438 ona
908 386 993 440 cum
1010 350 1286 469 Commiffi'one,
1312 392 1355 448 ur
1370 374 1482 458 Oves

175 469 357 576 ficeret,
384 464 491 575 qur.
516 464 671 572 ultimo,
696 465 812 574 magia
826 464 872 535 ad
889 466 1034 578 Petrum
1048 491 1151 560 quam
1170 469 1257 545 aiios
1276 468 1482 568 Apostolos

175 559 1484 764 εἷῖἰῖιὲὴῐῗὶιὶᾱυεῗυὲἒωᾚὲῐῗιέἐειιίὶὲᾟῖΐίἒὲοῑῗξῃζτὲἕέαῑςίῖῗῑξεᾟζῒ

176 772 219 825 ut
236 755 380 826 solidius
399 756 433 823 in
453 753 542 824 Fide
559 751 750 824 incederet.
790 753 893 826 Hinc
910 757 980 845 ait,
1005 759 1143 852 Sequere
1158 783 1219 830 me.
1255 762 1389 856 Neque
1407 769 1484 836 tri·

176 872 223 922 na
247 852 308 922 illa
332 849 468 924 Christi
498 851 739 946 interrogatio
761 847 807 919 de
831 850 1060 943 Dilectione,
1093 876 1216 925 omncs
1241 880 1313 926 non
1332 856 1484 934 solicite

177 948 347 1058 comonet
373 947 418 1019 de
444 947 534 1018 Fide
558 967 645 1042 erga
670 946 791 1018 Deum
818 946 857 1021 bt
884 947 1090 1021 Dilectione
1115 952 1214 1044 ejus,
1248 952 1339 1024 unde
1358 960 1485 1031 omnis

177 1064 293 1117 tutus
310 1063 462 1116 emanat.
1082 1095 1086 1101 .

226 1142 265 1214 Si
283 1140 412 1213 adesset
428 1139 548 1233 itaque
565 1136 616 1208 D.
632 1141 780 1228 Petrus,
805 1137 896 1209 nibil
913 1137 1008 1210 haud
1027 1140 1138 1212 dubie
1156 1144 1267 1237 magis
1287 1144 1385 1240 aegre
1402 1143 1482 1220 fer'·

178 1257 256 1328 ret,
289 1258 394 1333 quam
418 1233 515 1325 quod
534 1230 595 1303 suo
612 1235 746 1306 Titolo
762 1234 895 1328 suoque
911 1239 1079 1325 nomine,
1106 1238 1197 1308 hanc
1217 1241 1402 1334 plusquam
1422 1242 1484 1316 se·

176 1337 333 1404 cularetn
361 1325 575 1402 Potestatem
604 1326 669 1399 fibi
692 1329 860 1402 vendicat
877 1330 1048 1404 Romanas
1068 1333 1098 1402 E
1126 1333 1278 1430 iscopus.
1322 1338 1360 1408 Si
1378 1330 1481 1412 enim

178 1430 231 1501 D.
256 1431 382 1500 Petras
406 1426 497 1497 banc
522 1423 738 1496 potestatem
765 1448 785 1495 a
807 1425 955 1498 Christo
971 1355 1162 1518 accepiisct
1178 1455 1261 1503 cum
1282 1431 1345 1502 illo
1365 1433 1483 1507 Man·

177 1525 285 1615 dato,
319 1543 362 1596 ut
388 1522 700 1612 soluerentur,
725 1520 770 1594 ab
786 1545 902 1618 eoque
917 1522 1014 1595 suam
1032 1525 1249 1599 Potestatem
1269 1530 1483 1620 acciperent

177 1619 239 1693 alii
265 1644 410 1713 omnm,
444 1637 486 1690 ut
511 1641 608 1690 nunc
636 1618 700 1690 fibi
726 1639 869 1713 arrogat
893 1623 1064 1692 Romanus
1081 1622 1304 1718 Episcopus,
1333 1626 1369 1696 br
1388 1648 1484 1718 pec·

179 1715 286 1791 casset
304 1717 405 1788 valde
422 1715 568 1804 Petras,
593 1714 654 1806 qui
668 1711 811 1807 juffioni
828 1737 900 1783 non
918 1713 1211 1802 obtemperabat3
1233 1721 1270 1789 &
1289 1720 1486 1807 perditiffi.

178 1813 238 1887 me*
261 1811 450 1899 errassent,
485 1811 545 1900 qui
572 1809 704 1896 absque
727 1828 772 1876 eo
798 1807 835 1875 in
861 1805 1021 1876 Ecclefia
1049 1806 1185 1877 Christi
1213 1810 1482 1892 ministrassent.

180 1911 315 2003 Neque
339 1907 431 1975 banc
457 1924 530 1971 rem
555 1899 738 1986 racuiffet,
771 1899 807 1969 in
834 1896 1092 1994 Apostolorum
1120 1906 1219 1972 Aeris
1242 1907 1354 1977 Lucas
1377 1905 1480 1981 baud

178 2002 309 2090 dubie,
334 2001 395 2094 qui
415 1995 495 2092 post
514 1993 649 2068 Christi
666 1993 902 2067 ascenfionem
920 1993 1177 2091 Apostolorum
1194 1997 1303 2070 Gesta
1319 1997 1482 2095 scripfit.

178 2096 250 2268 gers
276 2118 381 2191 quam
398 2095 553 2168 alienum
570 2089 623 2164 est
640 2090 686 2165 ab
704 2089 805 2165 Auis
822 2089 1081 2191 Apostolorum
1098 2094 1174 2187 jam
1190 2091 1269 2167 satis
1288 2094 1481 2194 perspicue

204 2216 347 2269 rxrmus.

224 2293 325 2368 Cum
350 2311 440 2387 ergo
466 2284 558 2362 hanc
583 2309 654 2358 non
672 2286 817 2399 baberet
832 2283 1049 2434 gotestatcm
1068 2284 1120 2358 Ι).
1138 2288 1286 2400 Petrus?
1310 2288 1404 2378 unde
1419 2314 1481 2362 ar·

178 2389 415 2585 abssas&
430 2381 870 2568 iussisses&
893 2383 1483 2574 asaississsss‘p‘kssssssbss

181 2584 394 2659 Ambitione
421 2581 457 2653 δί
486 2576 673 2674 Superbia.
716 2577 760 2648 Id
783 2575 879 2670 quod
905 2596 949 2646 ut
975 2573 1073 2646 ornni
1101 2573 1173 2647 sole
1195 2578 1323 2649 clarius
1340 2577 1482 2674 perspi·

181 2687 276 2770 cias,
309 2677 487 2763 efficiam3
516 2697 631 2769 neque
647 2693 719 2743 tam
737 2671 873 2744 multis.
916 2671 1099 2759 Primum,
1126 2674 1258 2743 certius
1275 2674 1370 2745 aliud
1387 2676 1482 2750 nihil

179 2778 232 2850 est
258 2777 321 2849 sub
347 2774 467 2862 coelo,
502 2789 608 2864 quarn
633 2769 731 2860 quod
759 2765 940 2860 Episcopo
967 2769 1117 2838 Romano
1138 2787 1202 2838 aut
1218 2769 1396 2841 Primatus
1415 2794 1482 2846 aut

180 2874 369 2948 Potestatis
388 2869 467 2961 plus
484 2887 558 2934 non
575 2865 752 2933 tribuatur
765 2857 853 2953 jure*
863 2858 1008 2947 divino,
1033 2881 1138 2953 quarn
1157 2861 1272 2933 cuivis
1290 2865 1349 2935 alii
1369 2865 1479 2962 Epis·

180 2991 300 3061 copo,
335 2963 405 3034 five
423 2963 460 3028 in
476 2957 623 3049 Anglia,
652 2954 722 3025 five
740 2956 778 3023 in
796 2956 932 3041 Gallia,
959 2951 1031 3025 five
1048 2957 1084 3024 in
1101 2957 1230 3050 Italia,
1256 2982 1340 3032 cum
1362 2987 1405 3033 ne
1426 2966 1481 3039 D.

206 3062 324 3133 uidem
352 3059 477 3126 Petrus
503 3050 658 3122 baberet.
702 3046 870 3145 Superest
896 3067 937 3121 ut
954 3069 1054 3141 eam,
1080 3073 1186 3148 quam
1205 3077 1348 3153 arrogat
1366 3060 1479 3133 Pote-

180 3086 329 3248 sineru,
363 3153 520 3225 humano
542 3149 622 3242 jure
646 3143 829 3236 habuerit,
852 3142 990 3219 necesse
1007 3146 1070 3221 est.
1121 3151 1285 3248 Plerique
1302 3156 1413 3250 igitur
1430 3179 1479 3230 ex

181 3256 305 3354 primis
332 3253 494 3326 Romanis
518 3242 760 3319 Pontificibus
784 3267 905 3340 neque·
923 3245 1146 3337 ambierunt,
1178 3270 1292 3344 neque
1310 3273 1480 3328 exercere

183 3353 374 3449 aliquando
401 3347 522 3418 conati
541 3343 643 3437 sunt,
668 3366 784 3437 neque
802 3343 892 3431 iliis,
918 3364 979 3417 aut
996 3365 1120 3414 eorum
1141 3345 1255 3417 cuivis
1274 3349 1479 3424 tribuerunt

180 3451 264 3539 alii,
290 3448 395 3519 talem
414 3442 642 3516 potestatem.
669 3439 807 3511 Extant
824 3440 967 3532 quidem
987 3437 1168 3508 nonnulla:
1187 3439 1372 3516 familiares
1384 3443 1477 3536 Epi-

182 3544 283 3619 stolae
304 3545 354 3616 D.
374 3545 533 3634 Cypriani
552 3537 723 3635 Episcopi
743 3538 1009 3632 Carthaginensts
1026 3534 1068 3603 ad
1088 3539 1274 3611 Cornelium
1291 3546 1477 3614 Romnum

182 3640 428 3738 Episcopum,
454 3637 627 3708 ducentos
649 3632 686 3705 &
706 3634 961 3729 quinquaginta
979 3630 1123 3702 circiter
1139 3656 1248 3707 annos
1266 3635 1345 3729 post
1364 3635 1476 3708 Chri·

183 3739 287 3816 stum.
313 3735 500 3832 Qrantum
519 3755 604 3805 vero
623 3731 798 3804 Primatus
818 3730 872 3803 issi
888 3725 1020 3800 tribuat
1029 3779 1044 3829 ,Ι
1066 3728 1207 3804 illarum
1225 3731 1477 3828 superscriptio

857 3840 863 3849 '
1369 3830 1477 3903 docet
