3322 4456
743 283 852 386 (w)

148 426 295 502 fuerunt
313 419 588 514 Hermogenes,
605 410 790 507 Philetus,
811 414 1057 511 Hymenaeusi
1077 411 1206 511 &post
1223 413 1304 494 illos
1313 414 1451 514 Ebion,

148 525 341 613 Marcion,
370 516 536 610 Apelles:
573 511 700 586 deinde
719 512 916 603 sabellius,
944 509 1193 606 Manichaeus,
1220 520 1340 594 Arius.
1383 521 1451 596 Se·

148 623 312 696 nescente
338 612 425 688 vero
453 612 573 684 eadem
603 611 641 685 &
668 607 777 706 patilo
803 633 886 683 ante
914 629 1079 707 tempora
1104 612 1246 706 nostra,
1283 617 1451 712 Waldo,

150 711 316 794 Wicleff
328 716 364 786 &
382 713 535 804 Joannes
555 709 648 781 Hus.
684 710 766 780 Hac
784 709 891 780 etiam
911 705 1121 802 tempestate
1138 708 1182 781 de
1201 717 1374 808 progenie
1390 715 1452 790 illi

146 819 349 910 viperarum
369 809 504 881 suborti
523 805 624 897 sunt,
652 805 886 900 prohdolor!
915 802 981 876 filii
1001 819 1176 902 nequam,
1202 812 1264 901 qui
1282 808 1451 903 speciosae

23 983 25 987 ,
148 911 270 983 matris
295 931 368 981 non
393 906 553 976 habentis
577 904 772 994 maculam,
800 926 914 998 neque
933 924 1080 999 rugam,
1105 905 1245 976 unionis
1264 909 1451 983 vinculum

146 1001 372 1080 schismatice
391 999 586 1074 discindere
603 1020 800 1092 conantur,
826 999 910 1073 vere
931 999 1057 1071 similes
1076 1001 1267 1095 viperulis:
1298 1007 1452 1080 atenim

148 1107 222 1178 illae
248 1101 399 1176 corross
425 1118 578 1171 matrum
607 1097 798 1170 visceribus
824 1121 897 1171 nori
923 1117 1057 1170 exeunt
1082 1102 1286 1202 priusquam
1315 1124 1370 1173 eas
1387 1124 1453 1175 eit-

149 1201 345 1290 timuerint,
378 1199 426 1269 ita
446 1197 480 1268 hi
501 1215 681 1289 parentem
704 1195 900 1268 Ecclefiam
919 1196 1056 1268 exitiali
1075 1201 1218 1270 luorum
1238 1201 1454 1295 dogmatum

147 1299 399 1396 pellilentique
424 1317 585 1385 veneno,
616 1293 813 1391 multiplici
832 1318 1005 1366 novarum
1026 1293 1273 1367 inventionum
1293 1297 1455 1394 soeturd,

147 1399 232 1469 dum
259 1398 385 1492 juvare
412 1393 579 1463 videntur
607 1392 643 1464 ὃ(
671 1393 827 1463 venerari
858 1393 959 1484 (licet
979 1392 1308 1489 inextinguibilem)
1332 1397 1455 1490 potius

148 1515 268 1567 tamen
286 1511 458 1588 quantum
476 1490 513 1560 iri
532 1487 565 1560 se
581 1487 655 1579 est,
682 1490 912 1562 interimunt:
940 1512 1013 1562 non
1030 1486 1181 1563 ferentes
1199 1515 1283 1563 cum
1304 1493 1369 1590 ipsi
1387 1493 1456 1568 lint

146 1593 186 1667 δε
199 1592 340 1665 ancillae
359 1587 424 1660 filii
437 1585 688 1683 &illegitimi,
707 1583 783 1658 imi>
802 1587 934 1660 diaboli
954 1589 1156 1685 genimina,
1177 1588 1308 1663 Matris
1323 1591 1454 1665 Eccle-

149 1688 207 1760 fiae
235 1689 366 1762 liberos
394 1685 647 1783 legitimosque
676 1683 792 1777 filios,
827 1685 891 1757 nisi
917 1709 977 1758 eos
1004 1684 1071 1758 suis
1091 1685 1264 1781 pestiferis
1283 1685 1457 1763 dodlrinis

147 1783 313 1858 inficiant
341 1782 587 1859 &venenatis
610 1782 740 1881 jaculis
768 1802 1057 1881 contorqueant,
1093 1783 1288 1883 satagentes
1303 1785 1457 1882 speciem

148 1885 271 1957 matris
290 1906 331 1956 ac
349 1883 517 1956 decorem
537 1901 707 1954 temerare
726 1880 763 1954 &
783 1885 1038 1955 contaminare.
1079 1881 1194 1981 Cujus
1213 1903 1333 1956 tamen
1353 1883 1459 1961 ficies

147 1980 287 2076 semper
313 1980 365 2053 est
393 1980 431 2054 ὃ(
458 1979 527 2051 erit
551 1979 746 2074 gratiarum
767 1977 892 2073 plena,
917 1977 1283 2079 splendidissimusque
1301 2004 1459 2059 ornatus.

151 2077 232 2169 Ipsa
258 2078 352 2146 enim
372 2074 487 2145 veluti
505 2075 650 2168 Regina
667 2097 685 2146 a
702 2074 840 2147 dextris
855 2075 971 2172 sponsi
991 2076 1041 2149 sui
1062 2077 1097 2147 in
1116 2077 1245 2151 vestitu
1266 2077 1379 2154 adstat
1397 2080 1460 2156 de·

148 2186 274 2241 aurato
294 2165 517 2240 circumdata
533 2169 706 2236 varietate
718 2167 886 2260 Legum,
901 2173 1231 2264 'Ceremoniarum,
1251 2178 1460 2252 Sacramen-

149 2285 272 2340 torum
294 2266 331 2340 se
351 2264 531 2337 bonorum
551 2261 714 2333 omnium
733 2259 776 2364 ad
794 2261 1002 2358 praesentem
1023 2266 1358 2380 futuramqueviam
1371 2296 1460 2347 con·

148 2364 375 2438 ducentium.
421 2359 522 2432 Hinc
549 2357 737 2432 virulentis
754 2357 823 2432 suis
840 2357 981 2458 scriptis
999 2364 1037 2438 &
1056 2362 1275 2440 sermonibus
1295 2367 1391 2442 illam
1411 2368 1463 2445 la·

151 2484 271 2535 cerate
288 2485 360 2534 non
377 2456 532 2550 cessant,
552 2456 589 2531 &
602 2478 675 2626 pro
692 2456 828 2531 viribus
846 2459 1036 2556 deturpare
1053 2460 1227 2559 satagunt.
1254 2465 1354 2539 lnter
1371 2488 1463 2562 quos

150 2578 241 2631 tinus
251 2559 307 2630 vel
322 2557 529 2653 praecipuus
538 2555 598 2628 eiii
632 2555 661 2627 it
670 2553 813 2650 quidam
824 2558 1266 2653 MartinusLUTHER,
1285 2561 1462 2659 quantum

149 2679 196 2729 ex
223 2654 364 2751 scriptis
388 2652 640 2750 compluribus
658 2653 735 2750 ejus
751 2655 897 2729 nomine
914 2657 1110 2755 divulgatis
1128 2659 1330 2756 conjedlare
1350 2663 1459 2762 licet,

150 2751 179 2825 si
207 2752 320 2825 modo
343 2752 456 2826 titulo
473 2749 691 2824 credendum
709 2749 774 2825 est.
818 2751 897 2849 Ipse
913 2753 1007 2828 enim
1028 2759 1364 2850 pronominatorum
1385 2762 1464 2837 bae·

149 2852 350 2925 reticorum
368 2848 541 2946 dogmata
560 2846 682 2940 (instar
700 2852 986 2945 praevaricatoris
1008 2852 1114 2927 Ahiel
1132 2858 1192 2953 qui
1213 2879 1339 2932 contra
1355 2857 1464 2954 Jostte

149 2949 446 3048 imprecationem
474 2943 711 3020 reaedificavit
739 2946 909 3037 Hierico)
937 2949 1129 3027 instaurare
1157 2951 1274 3029 studet
1303 2956 1341 3031 &t
1368 2982 1464 3034 nova

151 3047 386 3145 confingeret
423 3044 485 3141 qui
513 3066 597 3117 cum
625 3043 669 3117 ad
696 3041 925 3121 sobrietatem
952 3045 1072 3143 sapere
1099 3051 1247 3127 minime
1272 3053 1462 3152 didicerit,

149 3184 153 3191 ·
180 3143 233 3215 lus
261 3166 352 3216 tirius
380 3142 498 3238 sapere
515 3137 723 3239 praesumit,
748 3143 858 3238 quint
877 3148 1002 3218 caeteri
1021 3153 1223 3245 omnesqui
1243 3153 1277 3221 in
1300 3151 1464 3229 Ecclesia

149 3165 231 3311 liant
257 3259 319 3312 aut
345 3239 505 3312 suerunt.
548 3237 725 3310 Omnium
744 3260 874 3338 nempe
892 3240 1179 3318 Universitatum
1201 3246 1342 3321 Scholis
1361 3246 1463 3327 suunt

152 3334 253 3408 ausus
278 3334 330 3406 est
356 3335 526 3431 praeferre
546 3333 753 3434 judicium
790 3335 989 3433 priscorum
1018 3363 1163 3437 quoque
1188 3345 1242 3417 vel
1263 3343 1464 3423 sannorum

152 3432 360 3508 Dostorum
389 3430 563 3507 Ecclesiae
590 3432 792 3507 Sententiis
819 3437 1047 3523 contemnite
1085 3438 1122 3513 ὃ(
1141 3458 1184 3513 ut
1203 3441 1245 3515 ad
1267 3446 1464 3541 impietatis

152 3533 338 3604 cumulum
359 3529 487 3624 addat,
506 3526 683 3605 sacrorum
703 3527 897 3605 sandiiones
915 3533 1168 3611 Conciliorum
1189 3566 1357 3619 enervare
1374 3570 1465 3621 con·

152 3629 292 3719 tendit,
328 3627 423 3724 quast
443 3627 581 3702 scilicet
598 3628 641 3702 ad
662 3627 823 3702 fidelium
843 3628 987 3705 salutent
1007 3634 1195 3711 necessaria
1213 3641 1380 3718 Luthero
1399 3642 1466 3721 soli

110 3819 113 3825 .
155 3725 257 3798 Deus
276 3724 483 3814 reservarit,
509 3747 594 3838 que
612 3726 807 3824 praeteritis
825 3724 964 3804 saeculis
984 3731 1133 3810 nescivit
1155 3736 1338 3834 Ecclesia,
1365 3743 1402 3818 &
1420 3741 1467 3819 ad

154 3824 235 3898 liaec
263 3845 376 3919 usque
401 3842 622 3918 temporam
640 3823 795 3899 tenebris
813 3824 852 3903 &
871 3850 1032 3906 errorum
1051 3836 1224 3913 coecitate
1242 3838 1338 3914 suain
1356 3834 1465 3936 spoil-

768 3923 850 4004 Be
1391 3931 1463 4013 sim
