3322 4456
149 444 265 522 modis
291 443 491 534 deterrens,
524 437 643 532 addidi
661 440 830 515 animum.
875 437 1023 514 Interim
1043 438 1173 513 veteris
1191 434 1386 514 comoediae
1403 436 1454 513 li·-

149 545 266 634 centia
294 540 472 613 ferebatur
499 539 534 610 in
552 540 748 612 monachos
765 563 808 609 ac
826 538 1064 634 Theologos,
1091 536 1288 630 ptaesertitn
1307 538 1344 609 in
1363 539 1451 628 Syn·

149 646 256 714 dicum
281 639 452 724 Beddam,
485 660 526 708 ac
552 636 814 732 propemodum
841 633 899 729 arpi
922 642 973 715 τῆς
997 639 1069 712 νίκης
1086 629 1227 726 iyadpm
1244 632 1449 728 peragebat.
1511 647 1521 668 ⁶

152 741 247 809 Mox
276 738 503 826 impetratum
522 734 570 803 ell
591 731 610 803 ai
630 736 755 828 Rege,
785 752 824 804 ut
843 735 966 805 Baddae
984 729 1093 801 libros
1111 733 1148 799 in
1165 731 1313 801 Fabram
1331 754 1371 802 ac
1391 752 1450 803 me

150 834 300 925 scriptos
320 828 462 900 distrahi
483 850 629 900 uetaret.

201 930 258 999 ad
281 929 359 998 hacc
380 928 578 1019 impetratae
598 927 675 997 sunt
695 926 811 1020 Regis
829 924 871 996 ad
889 921 1158 1018 Theologicam
1179 919 1386 994 facultatem
1404 922 1450 994 li·
1536 986 1539 992 .

153 1045 263 1115 teras,
289 1043 329 1095 ut
355 1023 546 1095 duodecim
575 1025 742 1094 articulos
770 1024 830 1117 qui
850 1026 885 1093 in
904 1023 1026 1094 Beddae
1046 1021 1143 1091 ltbris
1161 1018 1368 1091 viderentur
1385 1020 1449 1091 ba·

152 1119 236 1193 bete
255 1120 471 1192 manilellum
492 1121 735 1213 impietatem,
754 1141 860 1213 atque
877 1117 968 1189 adeb
987 1117 1260 1211 blasphemiam,
1279 1117 1450 1188 autdatn·

153 1238 278 1289 natent
303 1217 463 1287 omnium
491 1213 685 1313 suffragiis,
720 1235 783 1288 aut
808 1215 980 1286 sacrarum
1005 1215 1268 1308 scripturarum
1288 1210 1451 1286 testimo·

153 1316 220 1387 niis
246 1314 533 1407 comprobarent.
578 1317 672 1385 ttae
698 1335 808 1406 quum
835 1313 887 1385 illi
906 1311 1163 1407 pollicerentur
1180 1332 1312 1382 certant
1333 1308 1449 1383 vidio-

152 1414 264 1499 riam,
297 1433 366 1506 ego
395 1408 556 1506 respondi
585 1412 675 1482 nihil
697 1408 796 1481 'aliud
822 1408 890 1480 elle
909 1407 1014 1503 quim
1034 1408 1254 1495 irritamenta
1271 1406 1453 1500 hollium,

154 1512 216 1604 qui
235 1507 295 1580 sui
314 1507 440 1602 sponte
458 1509 537 1602 plus
555 1507 633 1580 satis
647 1506 848 1579 insanirent.
873 1507 912 1579 N
919 1530 974 1576 arn
986 1503 1157 1600 frigidum
1170 1504 1452 1601 Regisedidium

154 1605 275 1678 obfuit
301 1606 408 1676 etiam
426 1607 530 1677 Fabri
547 1629 709 1700 tneaeque
726 1602 859 1676 causae:
893 1603 950 1675 Eo
970 1601 1140 1698 liquidem
1160 1600 1291 1674 sadturn
1311 1601 1384 1693 est,
1409 1624 1453 1677 ut

153 1703 245 1775 liber
262 1699 356 1773 ctam
376 1700 559 1774 distrusius
577 1727 648 1774 non
667 1700 730 1773 nist
749 1702 786 1772 in
806 1700 960 1774 hostium
981 1699 1140 1772 manibus
1152 1697 1367 1786 versaretura
1387 1723 1452 1792 ac,

153 1807 200 1871 ne
227 1798 314 1895 quid
340 1799 486 1871 haberet
513 1801 720 1872 detrimenti
739 1797 1009 1895 typographus,
1035 1798 1069 1868 in
1089 1799 1302 1870 Germaniam
1320 1796 1357 1868 &
1375 1804 1454 1869 Aa·

148 1902 253 1992 gliam
279 1897 540 1991 deportaretur.
583 1896 704 1990 Ipsum
730 1917 848 1969 autem
877 1897 1105 1967 vehementer
1122 1917 1258 1987 errare,
1286 1890 1453 1967 srcrede-

136 2013 208 2075 ‚tet
227 1993 357 2065 talibus
375 1994 479 2086 nugis
496 1992 709 2065 aduersarios
727 1993 885 2088 opprimi
906 1990 1015 2086 polle.
1054 1990 1162 2062 Nihil
1179 1991 1317 2088 profeci
1334 1988 1454 2065 tuoni·

154 2109 236 2178 tor,
264 2087 329 2157 nist
350 2087 449 2181 quod
469 2089 520 2158 illi
541 2091 711 2182 magisne
731 2091 844 2186 magis
861 2091 1017 2161 accrevit
1036 2087 1179 2160 liducia.
1442 2098 1446 2105 '

153 2268 156 2274 Ι
201 2183 342 2253 Interea
358 2183 493 2275 prodiit
519 2182 674 2254 edisium
700 2184 1005 2279 gymnasiarchae,
1030 2183 1075 2255 ne
1100 2182 1257 2280 magistri
1276 2185 1454 2282 collegio·

44 2338 51 2347 ,
155 2303 234 2353 rum
263 2275 445 2374 discipulis
472 2278 709 2374 praelegerent
728 2302 806 2350 mea
824 2279 1029 2372 Colloquia.
1074 2281 1149 2353 Hic
1171 2278 1234 2351 fibi
1255 2282 1454 2373 polliceba-

155 2375 427 2466 turfuturum,
460 2395 500 2446 ut
527 2377 627 2447 tanti
654 2377 875 2448 contumeliis
901 2396 1144 2472 provocatus,
1178 2374 1312 2448 causam
1341 2378 1456 2475 operi

73 2560 74 2564 Ἰ
154 2476 340 2547 communi
359 2469 594 2568 capefferem3
622 2496 662 2544 ac
681 2471 888 2546 subornavit
907 2472 1106 2569 quendam,
1126 2475 1185 2569 qui
1197 2498 1252 2546 me
1262 2474 1454 2549 vehemen-

153 2571 249 2643 tibus
277 2570 387 2644 literis
414 2569 540 2642 eodem
562 2590 798 2665 provocaret,
829 2570 1016 2644 visioritun
1036 2568 1102 2643 esse
1120 2572 1155 2643 in
1175 2570 1360 2664 manibus,
1385 2595 1454 2646 nec

153 2664 320 2741 defutura
345 2688 552 2765 magnatum
572 2669 715 2740 auxilia.
757 2668 871 2740 Nunc
890 2667 957 2741 elle
976 2690 1118 2764 tempus
1135 2688 1176 2742 ut
1194 2669 1398 2766 Theologis
1412 2670 1455 2745 in

151 2764 334 2863 posterum
354 2765 470 2837 omnis
487 2763 732 2838 detraheretur
749 2767 932 2838 autoritas.
976 2765 1166 2840 Ambobus
1183 2764 1370 2861 respondi,
1396 2780 1456 2843 ine

151 2863 320 2957 demirari
339 2861 483 2935 illorum
498 2862 657 2953 animos,
675 2863 738 2959 qui
750 2863 957 2950 crederent,
977 2862 1455 2953 me,'relidiisomnibusnes

152 2963 289 3059 gotiis,
324 2984 387 3057 per
414 2981 557 3032 omnern
586 2960 696 3033 vitarn
716 2961 808 3035 velle
826 2984 909 3035 curn
929 2960 1161 3058 Theologica
1177 2959 1348 3039 facultate
1367 2958 1457 3057 con·

154 3059 320 3133 tendere:
358 3054 433 3131 imb
462 3055 511 3128 fic
537 3053 659 3153 potiits
685 3060 879 3132 animatum
904 3056 994 3150 elie,
1028 3078 1068 3130 ut
1088 3053 1195 3132 citiits
1214 3057 1455 3155 passurusfim

154 3179 253 3228 meos
280 3155 548 3251 librospraeter
574 3179 717 3251 aequum
745 3156 788 3228 ab
815 3157 885 3228 illis
907 3156 1086 3247 damnari,
1111 3155 1217 3251 quam
1239 3157 1306 3227 hac
1325 3174 1456 3248 aetate,

153 3274 235 3345 quae
256 3250 434 3344 flagitaret
454 3251 632 3346 quietem,
662 3251 733 3323 fine
751 3251 822 3323 fine
841 3253 1054 3346 belligerari.
1097 3253 1173 3342 Et,
1197 3250 1329 3324 srmeat
1348 3272 1456 3345 pote·

155 3347 252 3421 statis
278 3346 383 3440 esset,
415 3348 520 3421 malle
539 3346 679 3422 efficere
696 3367 737 3421 ut
755 3371 878 3420 omnes
896 3349 1089 3441 plurimum
1110 3350 1308 3421 tribuerent
1326 3349 1456 3425 Theo·
1567 3360 1570 3364 '

100 3526 105 3538 ,
153 3447 323 3551 logorum
342 3447 550 3537 autoritati,
578 3444 684 3544 quam
704 3465 745 3522 ut
765 3468 869 3517 nemo
889 3445 1078 3540 quicquam
1099 3445 1167 3528 illis
1186 3444 1358 3519 crederet.
1415 3522 1419 3529 ,

201 3542 385 3616 Omnibus
401 3543 559 3636 epistolis
578 3544 779 3635 inculcavi,
801 3564 918 3614 meum
937 3543 1093 3614 animum
1114 3543 1202 3615 nrihi
1222 3543 1310 3616 nihil
1329 3545 1458 3620 laetum

153 3640 365 3737 praesagire,
399 3659 585 3736 utcunque
611 3641 672 3715 ille
699 3641 763 3714 libi
783 3638 987 3736 plauderet,
1015 3639 1291 3714 animadvertere
1309 3640 1384 3738 spes
1402 3642 1458 3714 illi

152 3735 264 3808 adesse
282 3735 372 3809 mire
391 3737 610 3831 pertinaces,
633 3738 689 3812 sed
708 3735 832 3813 misere
851 3740 997 3829 timere,
1017 3736 1063 3809 ne
1080 3735 1327 3825 fallacillintas:
1360 3737 1456 3825 fidu7

152 3836 244 3909 ciam
262 3834 376 3941 adelle
394 3833 593 3930 strenuam,
612 3833 669 3911 sed
684 3834 990 4009 mendppiffimam.
1017 3830 1357 4006 Obtestabatutfisbp}
1366 3852 1471 3919 cong,

992 3993 994 3997 ,
1321 3944 1458 4026 aeret,
