3322 4456
732 333 886 430 (anal

148 461 235 539 Rex
253 451 413 551 Gallim,
432 453 506 531 duo
524 453 752 553 potentiffimi
771 459 978 553 principes,
992 455 1041 530 fic
1058 456 1196 530 acribus
1214 455 1336 532 studiis
1353 457 1445 534 inter

151 553 186 643 se
205 558 338 630 bellum
357 576 505 652 gerant,
531 575 572 628 ut
591 577 703 649 neque
722 555 815 643 illis,
841 556 1139 650 nequecuiquum
1160 554 1444 657 Christianorum

150 653 273 748 Regi,
307 651 400 724 ullus
426 651 586 723 Concilli
614 653 713 722 locus
740 649 883 723 relidus
904 649 1090 721 videatur?
1126 652 1207 746 Age
1226 664 1444 748 vero,'age,
1498 713 1501 719 .

151 750 318 821 Romane
330 745 521 838 Pontifex,
540 746 702 837 occasio,
721 769 824 840 quarn
845 766 900 818 tot
918 770 1025 817 annos
1042 746 1130 820 tu&
1145 750 1197 818 tui
1212 770 1354 836 omnes,
1373 770 1445 820 tam
1476 820 1479 827 ,

151 845 356 917 ardentibus
382 844 476 914 votis
501 843 671 938 optastis,
697 844 876 938 contigit,
903 840 1110 939 praefentem
1129 867 1272 936 preme,
1298 865 1444 934 porrec-

153 960 225 1011 tam
244 940 287 1012 ad
306 938 463 1017 scelus&
478 935 616 1029 fraudes
632 937 744 1009 ansam
764 943 895 1033 arripe,
916 940 1091 1013 Convocat
1101 939 1325 1027 Cardinales,
1346 961 1443 1010 crea·

152 1035 1164 1226 llllztlztalnhlla”ihillzllltlhi‘
1184 1033 1441 1203 rutilata·

153 1225 266 1322 (quod
293 1249 389 1323 aegre
412 1227 609 1316 dicimus,)
636 1227 738 1321 plane
756 1227 904 1316 stultos,
930 1230 967 1301 δι
986 1228 1082 1321 quod
1103 1226 1254 1299 libenter
1270 1179 1443 1318 dicimus:

152 1321 292 1420 prorsus
312 1323 506 1416 improbos.
543 1325 618 1394 Diu
636 1323 728 1418 apud
747 1327 923 1419 principes
942 1325 1189 1419 populumque
1202 1325 1443 1395 Christianum

151 1421 218 1493 hac
245 1418 442 1514 suspicione
467 1417 667 1510 laborastis,
701 1443 766 1492 vos
792 1423 932 1514 quidvis
956 1421 1048 1493 velle
1074 1427 1217 1515 potius,
1252 1422 1312 1514 qui
1331 1419 1445 1516 probe
1493 1420 1494 1424 ’

131 1554 133 1558 v
154 1515 326 1588 simulatis
352 1540 392 1587 ac
420 1513 637 1587 dissimulatis
662 1517 802 1608 omnia,
826 1540 928 1610 quam
949 1519 1111 1610 generale
1130 1512 1350 1621 Conciliw.
1385 1517 1445 1589 Au

153 1632 226 1684 tarn
253 1611 378 1683 stultos
397 1609 464 1682 elfe
481 1635 544 1682 vos
564 1636 625 1706 pat
642 1611 714 1702 est,
738 1632 780 1685 ut
799 1637 893 1685 nunc
910 1634 1030 1705 aperte
1048 1612 1213 1683 omnibus
1231 1612 1444 1702 ostendatis,

152 1707 243 1780 nihil
270 1707 389 1781 moliri
416 1732 480 1779 vos
497 1708 614 1798 aliud,
640 1731 743 1802 quam
758 1728 802 1782 ut
822 1710 968 1803 privatis
987 1711 1039 1781 his
1058 1710 1181 1780 vestris
1199 1707 1445 1781 conciliabulis

152 1803 330 1902 legitimi,
348 1804 539 1893 catholici,
557 1806 800 1900 generalisque
809 1803 968 1879 Concilii
986 1806 1083 1897 spem
1098 1829 1240 1877 omnem
1254 1806 1332 1877 orbi
1351 1828 1445 1900 prae·
1551 1891 1553 1894 ,

152 1899 303 1974 cidaris?
337 1902 544 1973 Tantumne
568 1899 688 1973 odium
716 1926 799 1974 cum
828 1905 976 1974 veritate
1001 1905 1145 1999 geritis,
1170 1925 1211 1975 ur
1230 1901 1365 1973 nonnisi
1385 1902 1445 1976 illa

151 1998 256 2092 plane
281 1999 318 2068 in
344 2018 516 2070 aeternum
545 1999 691 2070 exilium
708 1999 822 2094 ejesla
841 1998 1000 2071 cellesis?
1031 2000 1132 2070 Vivit
1155 2001 1271 2088 Deus,
1298 2022 1363 2071 nec
1380 2000 1447 2072 illo

152 2094 239 2165 vivo
259 2093 301 2162 ad
320 2112 458 2164 rantum
478 2091 652 2181 dedecus,
676 2094 953 2180 contumeliam,
974 2095 1160 2183 injuriam,
1178 2097 1305 2166 veritas
1324 2096 1446 2170 vocari

152 2184 283 2281 potest.
316 2186 511 2277 Fallimur,
538 2188 579 2256 ad
598 2190 676 2258 haec
694 2190 812 2281 omnia
828 2191 956 2259 vocari.
969 2189 1106 2281 potest,
1132 2192 1250 2260 venire
1269 2213 1339 2262 nou
1360 2211 1445 2283 pot·

151 2280 216 2356 est.
247 2276 355 2374 'Quis'
378 2280 449 2352 non
474 2281 702 2354 vehementer
727 2284 867 2374 doleat,
903 2286 1060 2355 homines
1079 2303 1175 2355 tanta
1193 2282 1335 2356 audacia
1352 2285 1446 2381 effe,

151 2399 195 2453 ut
220 2399 341 2474 aperte
365 2377 529 2450 hostilem
555 2379 712 2449 animum
740 2381 774 2449 in
794 2379 975 2453 Christum
995 2380 1145 2472 gerant?
1183 2380 1338 2471 Rursus,
1366 2384 1445 2477 quis

149 2499 225 2548 non
249 2472 425 2550 afficiatur
449 2478 582 2545 summa
608 2474 755 2565 laetitia,
792 2499 908 2570 parem
936 2498 1017 2546 cum
1047 2479 1230 2571 impietate
1258 2475 1462 2553 stultitiam.

150 2570 379 2665 conjundtam
406 2570 497 2644 effe?
542 2569 675 2662 Orbis,
703 2597 726 2642 o
749 2572 857 2644 Paule
875 2573 1061 2668 pontifex,
1088 2599 1159 2643 non
1179 2575 1324 2644 nuncin
1344 2574 1445 2649 tenui

176 2664 301 2740 uadam
328 2667 524 2762 suspicione
549 2666 727 2755 versatur,
762 2689 801 2739 ut
829 2671 936 2760 olim,
972 2673 1044 2741 lmo
1073 2668 1202 2762 positas
1220 2690 1299 2740 ante
1317 2671 1446 2747 oculos

148 2689 290 2855 fraudes
305 2763 436 2836 vestras
452 2764 590 2857 cernit,
608 2766 806 2838 immortale
817 2766 904 2837 illud
915 2765 1067 2837 vestrum
1080 2768 1114 2836 in
1126 2766 1308 2837 veritatem
1320 2765 1450 2841 odium

150 2857 357 2935 detestatur.
383 2859 520 2935 Vident
538 2885 682 2953 omnes,
708 2882 853 2958 quantas
873 2863 1064 2959 tragoedias
1083 2862 1142 2934 ille
1160 2863 1273 2934 vester
1290 2884 1452 2945 concors·

150 2957 223 3033 diae
242 2961 460 3055 unitatisque
478 2978 675 3054 praetextus
693 2958 729 3031 in
748 2960 870 3032 orbern
891 2960 1132 3033 Christianum
1151 2961 1340 3033 invexerit.
1384 2961 1449 3033 ln·

149 3055 324 3153 telliguut
349 3058 501 3130 vestrum
528 3053 699 3131 faciendae
724 3059 821 3151 pacis
850 3056 1027 3149 studium,
1061 3080 1188 3130 contra
1212 3059 1320 3151 Reip.
1347 3077 1445 3131 tran·

149 3152 389 3246 quillitatem,
407 3179 426 3225 a
443 3152 683 3225 seditionediu
695 3152 834 3226 stetisse.
860 3155 1048 3246 Cernunt,
1065 3176 1319 3248 vosuunquam
1331 3151 1447 3227 acrius
1485 3170 1487 3175 ’

149 3247 362 3342 religionem
386 3272 616 3344 oppugnare,
642 3271 865 3342 quamtum,
891 3274 973 3322 cum
992 3273 1068 3323 earn
1082 3251 1241 3334 ¹manime
1258 3249 1447 3322 defendere

148 3342 265 3417 videri
283 3346 403 3417 vultis.
430 3345 592 3435 Dolent,
618 3345 767 3418 summas
786 3347 1010 3441 ingeniorum
1029 3347 1120 3419 vires
1140 3344 1302 3416 fraudum
1323 3364 1444 3438 patro·

148 3439 244 3513 cinia
270 3459 340 3515 tam
367 3441 428 3514 diu
454 3442 659 3515 suflinuilfe.
703 3442 862 3534 Dolent,
897 3445 1069 3517 rationem
1097 3445 1170 3514 vim
1189 3443 1446 3516 omnem‘fuam

132 3536 194 3622 ¹ad
212 3536 344 3628 scelus,
370 3538 591 3635 superbiam,
618 3541 907 3636 impietatemque
923 3542 1202 3637 promovendam
1222 3538 1447 3614 convertisses

149 3630 314 3727 Dolent,
340 3636 491 3709 virtutes
509 3640 615 3711 eriam
635 3641 773 3731 aliquot
790 3661 933 3733 operam
955 3638 1048 3712 fuam
1067 3639 1164 3710 vitiis
1184 3635 1328 3725 locasse,
1348 3637 1447 3711 sanc·

149 3730 338 3823 timonium
358 3734 561 3830 hypocrisi,
580 3737 804 3832 prudentiam
825 3735 1035 3827 calliditati,
1057 3736 1232 3832 justitiam
1254 3733 1448 3831 tyrannidi.

149 3824 346 3926 Gaudent,
371 3832 480 3907 sacras
498 3831 616 3910 literas
633 3856 731 3909 nuuc
749 3834 892 4005 taqdem
911 3858 978 3932 pro
995 3833 1030 3909 se
1047 3858 1120 3910 non
1137 3850 1263 3910 contra
1278 3831 1331 3926 se,
1352 3851 1447 3926 pug-

1352 3948 1447 4001 nare.
