3322 4456
146 877 154 888 .
191 896 195 904 Α
253 814 445 917 Ajestatem
474 836 572 916 tuam
597 764 688 912 rogo
714 839 756 893 ut
775 820 862 893 mihi
882 819 989 891 liceat
1007 834 1093 911 erga
1110 812 1219 983 {psam
1234 774 1436 912 ‘supplicem

1121 937 1133 984 t

167 999 168 1002 Ἴ
267 941 324 990 tne
341 910 464 1012 gerere
482 939 548 1011 pro
568 914 773 988 Cathedrali
794 919 983 989 Cantorbiae
994 914 1106 986 Eccle
1164 944 1177 1000 ς
1204 933 1285 1009 quae
1296 935 1438 1010 magna

138 1020 212 1090 suae'
236 1012 492 1110 inquietudini,
525 1015 697 1107 gravique
722 1011 905 1106 dispendio
931 1035 1035 1108 agros
1060 1008 1139 1084 suos
1163 1009 1325 1106 quotidie
1349 1010 1436 1083 ulie·

139 1133 221 1202 not,
250 1113 379 1207 idque,
400 1128 445 1183 ut
464 1111 586 1204 ujunt,
618 1109 813 1205 Majeliatis
831 1130 904 1184 tuae
918 1108 1026 1206 jussu.
1070 1107 1208 1182 Verum
1226 1125 1325 1180 certe
1339 1102 1437 1196 scio,

138 1210 248 1299 alios,
266 1231 338 1281 non
353 1227 473 1281 autem
495 1203 720 1302 Majellatem
737 1225 834 1279 tuam
852 1208 928 1301 ejus
947 1207 1067 1304 Agros
1076 1202 1308 1301 acquifivisse.
1333 1201 1437 1295 Qua·

138 1308 289 1401 propter
308 1300 386 1383 lioc
412 1326 522 1375 unum
548 1322 635 1414 peto
660 1323 703 1375 ut
728 1325 811 1376 cum
837 1303 1016 1397 Majestati
1036 1322 1109 1376 tuae
1127 1301 1281 1397 aliquem
1299 1320 1344 1374 ex
1361 1298 1438 1396 eju·

137 1403 249 1497 Agris
275 1400 404 1478 habere
416 1399 597 1492 libuerit,
630 1399 750 1495 aliqua
760 1397 924 1497 Epistola
940 1399 1153 1474 exhibeatur
1171 1421 1240 1494 qun
1256 1398 1302 1470 de
1320 1395 1439 1495 Mnje·

138 1497 236 1575 statis
260 1516 334 1575 tuae
353 1497 716 1588 voluntateeonilet,
733 1497 882 1593 -absque
900 1519 969 1592 qua
983 1499 1124 1592 juretur
1139 1497 1272 1568 nullam
1293 1493 1439 1572 Aliena·

136 1598 274 1675 tionem
296 1580 431 1673 sudium
457 1594 524 1685 iri,
545 1594 682 1689 ¹anue
701 1590 881 1665 Alienatio
898 1616 972 1667 non
990 1593 1052 1667 fiat
1069 1592 1113 1667 ad
1131 1593 1283 1665 aliorum
1304 1589 1439 1668 Homie

138 1714 224 1763 num
252 1687 419 1782 libitum,
452 1687 508 1762 sed
536 1692 642 1763 unice
658 1689 701 1762 ad
722 1689 920 1788 Majestatie
940 1711 1012 1763 tuae
1031 1690 1144 1765 usum.
1186 1688 1301 1763 Nunc
1318 1687 1439 1779 enin,

135 1787 295 1882 quisquis
318 1786 470 1896 aliquem
497 1809 542 1858 ex
567 1788 643 1884 ejus
666 1788 773 1881 Agris
790 1786 919 1860 habere
936 1789 1063 1884 cupit,
1096 1787 1313 1860 Petitionem
1331 1783 1435 1857 exhi·
1545 1853 1550 1860 .

135 1884 197 1959 bet
215 1883 257 1955 nd
276 1904 356 1965 eum
375 1906 411 1953 tn
429 1882 630 1979 Majestatis
647 1902 721 1957 tuae
739 1908 861 1957 manus
878 1884 1113 1972 tradendum,
1132 1906 1206 1955 non
1222 1901 1264 1956 ut
1281 1906 1300 1954 a
1318 1879 1438 1978 Maje·

135 1981 225 2063 state
251 1999 312 2054 tua
337 1981 549 2072 retineatur,
571 1981 696 2053 *sed-ut
718 1980 916 2077 Maiestatis
933 2003 1006 2057 ωε
1026 1981 1233 2057 venditione
1251 1980 1309 2053 vel
1326 1975 1438 2053 donu-

134 2079 256 2166 tione,
289 2099 309 2148 a
336 2077 555 2157 clementie·
574 2097 650 2149 tuae
678 2076 884 2152 Cathedrali
911 2078 1073 2153 Ecclefia
1091 2080 1133 2150 ad
1152 2076 1184 2151 se
1204 2077 1304 2151 illum
1324 2095 1438 2150 trans·

131 2175 261 2248 ferant„
1428 2226 1431 2231 .

912 2400 914 2405 ,
968 2287 1023 2396 T.
1083 2291 1365 2394 Cantaurien.

764 2585 807 2658 u.

235 2733 516 2845 Uandoquidem
528 2745 565 2824 ὅ(
576 2748 723 2822 nomine
734 2768 819 2844 tuo,
834 2751 875 2853 ¹&
887 2754 1032 2828 nomine
1041 2752 1308 2854 Episcoporum
1321 2751 1438 2828 Woe-

132 2934 135 2937 A
255 2843 402 2927 cestriae,
420 2847 457 2920 &
484 2844 672 2920 Cicestriae'
697 2848 921 2945 aliorumque
947 2853 1211 2927 Sacellanorum
1236 2851 1438 2924 nostrorum

252 2943 546 3040 eruditorumque
576 2945 759 3039 virorum,
793 2948 921 3042 quibus
947 2950 1234 3025 mandaveramus
1257 2949 1440 3046 perlegere

132 3037 288 3113 Librum
313 3040 492 3135 quendam
520 3041 674 3134 Cultus,
698 3044 846 3118 anobis
868 3047 1148 3142 tibitraditum,
1174 3049 1257 3121 Nos
1276 3047 1439 3119 hortatus

133 3158 196 3226 es,
241 3158 281 3209 ut
317 3136 454 3304 Viqilia
489 3138 526 3214 δι
557 3139 739 3213 Nolarum
766 3143 919 3237 pulsatio
948 3165 1025 3218 tota
1050 3145 1157 3218 noele
1183 3146 1271 3239 Festi
1295 3150 1439 3217 omniunt

132 3235 352 3325 Sannorum,
392 3236 644 3333 maginumque
664 3238 699 3307 in
711 3238 1285 3341 templiseredlioQuadragefimae
1296 3260 1436 3334 tempo·

132 3350 191 3420 re,
223 3331 292 3401 veli
320 3331 476 3404 Crucem
495 3333 689 3429 operientis
707 3332 964 3428 sublationem,
992 3340 1194 3412 Palmarum
1215 3339 1286 3408 Die
1307 3337 1437 3408 Domi·

130 3427 234 3514 nica,
253 3449 334 3500 cunr
356 3429 612 3524 genuflexione
630 3449 712 3503 ante
726 3430 907 3524 Crucem,
926 3434 1052 3508 eodem
1072 3455 1236 3531 tempore
1254 3433 1438 3508 aboleren-

131 3541 192 3595 tur
217 3524 254 3598 &
281 3525 494 3600 tollerentur
502 3560 516 3616 3
553 3528 602 3601 ob
629 3525 915 3624 superstitionem
932 3533 1086 3631 aliasque
1102 3556 1226 3606 eorum
1246 3533 1438 3604 enormita-

130 3640 184 3693 tes
209 3620 246 3696 &
272 3621 409 3697 abusus.
443 3626 588 3720 Primo,
620 3626 717 3701 Curn
736 3651 860 3702 omnes
879 3630 1051 3705 Dominae
1069 3631 1201 3705 nostrae
1219 3654 1261 3702 ae
1283 3630 1438 3724 Apollo·

130 3716 247 3790 lorum
271 3719 442 3818 Vigiliae,
468 3747 662 3821 omnesque
679 3724 846 3822 reliquae,
873 3751 1022 3825 quarunt
1042 3728 1216 3804 Ecclestae
1236 3729 1341 3801 initio
1362 3727 1442 3822 pius

127 3835 204 3889 erat
232 3815 333 3914 usus,
376 3840 494 3895 tamen
521 3821 569 3897 ob
596 3824 815 3922 multiplices
839 3823 1105 3925 superstitiones
1131 3830 1169 3906 δι
1195 3824 1343 3917 abusus,
1377 3826 1441 3916 qui
1502 3825 1507 3836 '

749 3927 788 4002 D
806 3927 830 4002 d
1321 3926 1443 4026 postea
