3322 4456
730 298 861 394 (tor)

146 442 263 498 ceant.
289 420 443 495 Nocent
460 437 577 497 autem
596 418 747 516 privatae
765 417 950 514 opiniones
969 414 1007 491 &
1024 415 1257 492 animabus&
1275 413 1353 514 paci
1372 436 1441 512 pu·

147 520 266 595 blicae.
301 519 334 589 E
352 513 583 589 contriveris
603 517 661 613 pia
679 515 716 590 δι
733 513 887 586 salutaris
904 510 1065 585 doctrina
1081 516 1187 585 etiam
1208 537 1329 609 pacem
1348 511 1440 583 civi·

149 635 262 688 tatum
282 615 409 684 munit.
436 612 588 685 Constat
606 615 699 685 enim
719 608 915 683 doblrinam
935 610 978 680 de
996 607 1160 680 omnibus
1178 609 1345 682 civilibus
1358 604 1441 680 offi-

148 713 236 801 ciis,
261 712 297 780 in
316 713 380 779 bac
399 705 471 802 ipsa
489 708 568 780 luce
588 707 775 805 Euangelii
795 708 906 803 magis
923 702 1128 776 illustratam
1148 702 1234 795 else,
1253 703 1358 800 quam
1377 726 1439 777 an-

146 827 204 895 tea
221 827 396 899 unquam,
416 804 628 898 Optandum
647 803 720 893 est,
738 799 1439 895 omnesverainvocatione&piismori·

148 901 215 975 bus
234 903 352 974 Deum
372 900 512 989 colere,
537 920 654 972 tamen
674 901 732 990 hi,
750 900 811 993 qui
828 897 1023 970 dosirinam
1043 897 1224 991 puriorem
1241 915 1440 991 expetunt,

149 1021 220 1068 non
247 995 326 1068 sunt
352 995 559 1091 impedituri
584 997 798 1067 ceremonias
824 1016 1037 1067 caetcrorum
1064 995 1126 1087 qui
1154 992 1249 1065 secus
1270 991 1439 1064 sentiunt.

149 1092 310 1165 Vicilsrm
331 1114 473 1187 aequum
492 1091 564 1182 est,
584 1115 656 1163 non
673 1089 873 1164 labefastari
890 1089 1121 1164 conscientias
1133 1090 1286 1177 horum,
1304 1086 1437 1182 quiab·

149 1188 228 1262 usus
255 1187 484 1284 intelligunt,
518 1189 555 1260 &
582 1189 694 1260 vitare
711 1190 874 1283 cupiunt.
916 1190 1104 1282 Rogamus
1122 1187 1234 1283 igitur
1254 1186 1303 1256 D.
1321 1185 1371 1255 Τ.
1398 1182 1438 1257 &

148 1305 306 1357 amanter
332 1285 369 1357 ὅ(
395 1283 459 1354 dili
486 1303 607 1372 enter,
636 1283 681 1354 ne
700 1283 733 1355 se
750 1284 888 1356 incitari
911 1283 996 1356 linat
1014 1303 1139 1354 contra
1158 1302 1291 1376 partem
1311 1277 1438 1353 civita·

147 1385 215 1474 tis,
241 1404 323 1478 quae
343 1306 519 1453 Ecclesas
537 1377 631 1452 reste
648 1378 816 1453 constitui
833 1382 958 1476 cupit,
978 1402 1044 1450 nec
1062 1379 1207 1475 adjuvet
1223 1377 1440 1450 iracundiam
1522 1379 1530 1392 ”

147 1501 295 1568 eorum,
320 1477 381 1572 qui
400 1478 542 1548 civilem
561 1474 762 1573 sanguinem
781 1477 920 1548 haurire
936 1476 1100 1570 cupiunt.
1126 1476 1224 1548 Nam
1244 1475 1323 1548 haec
1340 1471 1442 1548 causo

150 1575 406 1670 qualiscunque
424 1574 587 1664 videtur,
605 1597 676 1644 non
695 1572 812 1669 potest
830 1596 895 1647 nec
913 1570 1018 1644 debet
1035 1569 1244 1664 promiscuis
1263 1571 1300 1645 &
1317 1571 1442 1646 multis

150 1658 285 1743 civium
313 1667 471 1742 caedibus
495 1669 696 1764 dijudicari.
738 1670 822 1743 Nec
848 1664 935 1740 verb
962 1667 1186 1759 dubitamus,
1212 1668 1368 1760 quin'D.
1386 1667 1439 1740 T.

100 1785 102 1790 '
150 1791 218 1863 pro
245 1766 303 1840 sua
328 1767 461 1838 virtute
485 1765 593 1862 digna
611 1765 778 1863 Principe
795 1765 891 1837 bono
909 1761 1065 1836 maxime
1083 1763 1276 1837 detestetur
1293 1763 1439 1837 civilem

33 1895 38 1902 ·
148 1862 417 1955 crudelitatem,
453 1861 604 1936 &velit
629 1864 781 1936 vicinam
809 1863 992 1934 civitatem
1013 1861 1236 1956 tranquillam
1255 1858 1334 1932 elle.
1376 1860 1441 1933 sic
1520 1922 1526 1931 .

148 1980 267 2032 autem
293 1959 438 2033 retincti
456 1959 691 2052 tranquillitas
710 1958 847 2055 potest,
875 1958 899 2030 st
918 1979 1042 2031 neutra
1059 1981 1137 2053 pars
1153 1958 1296 2030 alteram
1315 1957 1350 2027 vi
1369 1956 1440 2031 im.

147 2057 282 2151 pediat.
323 2058 419 2127 Haec
438 2074 564 2126 mutua
582 2059 802 2145 moderatio,
828 2056 867 2127 bc
884 2053 1038 2126 maxime
1058 2053 1173 2126 civilis
1191 2053 1262 2143 cll,
1289 2053 1326 2128 δε
1344 2053 1441 2127 mul·

149 2153 195 2221 tis
222 2150 429 2221 civitatibus
446 2151 483 2220 in
503 2151 683 2222 Germania
699 2149 854 2221 salutaris
872 2148 962 2240 suit,
989 2151 1024 2220 in
1042 2148 1171 2243 quibus
1189 2148 1357 2244 paulatim
1377 2172 1442 2225 ve·

150 2244 257 2317 titate
283 2244 410 2316 clarius
429 2244 620 2332 illucente,
646 2247 682 2318 &
700 2241 861 2316 dissensio
878 2244 1043 2336 mitigata
1059 2243 1132 2332 est,
1159 2244 1196 2316 d:
1213 2242 1339 2315 sanatae
1358 2243 1441 2320 sunt

150 2339 358 2414 fimultates.
393 2341 435 2410 In
462 2339 515 2411 his
538 2338 626 2413 locis
654 2340 680 2411 sa
698 2339 855 2412 violenta
870 2338 1015 2412 confilia
1033 2336 1139 2412 initii>
1157 2357 1288 2411 tentata
1305 2338 1439 2435 essent,

149 2439 270 2509 omnia
287 2431 448 2510 funditus
468 2433 660 2531 periilsent.
687 2432 835 2533 Semper
851 2437 945 2508 enim
966 2437 1001 2505 in
1020 2433 1153 2508 civium
1173 2432 1441 2512 dilsensronrbuc

147 2537 261 2630 magis
286 2532 444 2607 salutaria
469 2532 615 2604 fuerunt
641 2531 742 2604 mitia
768 2531 939 2623 confilia,
974 2527 1079 2627 quam
1106 2530 1273 2604 violenta.
1314 2529 1441 2623 Quare

145 2630 199 2703 D.
218 2631 268 2702 Τ.
294 2652 360 2725 pto
386 2627 445 2703 sua
469 2628 630 2701 bonitate
654 2652 695 2700 ac
720 2627 890 2724 sapientis
915 2629 1114 2721 annitatur,
1142 2649 1181 2700 ut
1199 2628 1259 2699 tali
1278 2631 1442 2704 modera-

148 2727 247 2798 tione
265 2723 470 2798 consulatur
485 2723 586 2798 saluti
605 2726 760 2798 civitatis
776 2727 946 2820 Metenſss.
979 2725 1075 2796 Haec
1091 2744 1133 2797 ut
1149 2723 1379 2799 scriberemus
1395 2724 1441 2801 ad

148 2822 201 2896 D.
217 2823 268 2896 T.
294 2845 366 2894 non
393 2823 535 2917 privato
561 2817 713 2912 affesiu,
747 2819 805 2896 sed
829 2818 1071 2893 honestiffimis
1099 2820 1308 2916 &publicis
1328 2819 1442 2897 cautis

147 2917 291 2992 addudti
308 2915 446 3010 sumus,
474 2939 516 2991 ut
534 2917 671 2990 honesti
691 2919 728 2994 &
747 2919 952 2992 innocentes
969 2916 1151 3008 homines,
1170 2941 1321 3014 quorum
1334 2919 1442 2994 multi

146 3037 297 3114 propter
314 3017 466 3090 virtutes
484 3018 521 3091 ὃ(
540 3013 723 3088 facultates
740 3016 865 3113 patriae
884 3037 1014 3112 magno
1031 3013 1196 3111 praestdio
1214 3036 1320 3111 atque
1337 3039 1443 3089 orna·
1469 3047 1471 3051 ·

147 3134 270 3187 mento
296 3113 398 3206 sunt,
434 3113 471 3186 dc
499 3135 584 3184 vero
609 3114 740 3186 timore
767 3114 838 3186 Dei
858 3132 1069 3202 moventur,
1094 3111 1136 3184 ad
1154 3112 1378 3206 quaerendam
1398 3111 1444 3187 de

149 3210 278 3301 Christo
304 3211 487 3282 salvatore
513 3231 635 3303 puram
664 3207 881 3301 dodlrinam,
910 3207 976 3279 srnt
995 3211 1031 3279 in
1047 3227 1142 3279 tuto.
1177 3208 1283 3280 Tales
1302 3210 1443 3282 Princi-

148 3325 235 3398 pum
262 3303 507 3378 benevolentia
524 3302 646 3376 tuendi
664 3303 756 3375 sunt.
791 3306 878 3376 Ideo
896 3323 1083 3410 rogamus,
1109 3321 1148 3372 ut
1169 3304 1228 3374 has
1245 3303 1377 3378 nostras
1397 3305 1442 3378 li·

148 3418 238 3470 teras
265 3398 315 3469 D.
340 3401 391 3469 T.
418 3402 453 3471 in
478 3403 652 3494 optimam
674 3418 809 3494 partem
833 3399 1008 3493 acciprat,
1034 3394 1170 3491 ndsque
1188 3398 1305 3472 nostra
1323 3399 1444 3477 officia

148 3496 199 3568 D.
218 3495 269 3566 T.
295 3491 430 3566 summit
449 3520 532 3569 cum
551 3496 804 3569 benevolentis
821 3493 1021 3569 deserimus.
1047 3493 1144 3565 Bene
1162 3495 1197 3569 ὅ(
1217 3493 1443 3571 feliciterva·

89 3589 92 3594 ’
146 3591 217 3663 leat
240 3591 290 3663 D.
307 3592 357 3660 T.
384 3590 490 3664 Datae
509 3614 581 3691 vn.
599 3592 788 3668 Novemb.
814 3595 922 3666 Anno
947 3588 1134 3667 millesimo
1152 3592 1441 3694 quingentefimo

147 3684 416 3785 quadragesimo
432 3684 598 3766 secundo.

685 3832 693 3845 ο
769 3882 808 3957 0
1322 3881 1443 3956 Num.
