3322 4456
186 310 265 410 234'
389 299 772 377 Htsrorun
814 295 1261 380 nvnnonntt
1320 311 1489 415 ram,

191 429 264 506 fine
289 428 571 529 protestatione,
604 450 650 500 ne
675 427 762 520 quid
788 426 872 499 inde
888 426 946 501 vel
967 425 1070 501 eausa
1086 429 1180 525 Dei,
1205 433 1264 507 vel
1282 435 1490 518 Auctoritas

188 526 307 624 Regis
333 527 390 598 vel
416 525 541 623 Regni
568 523 738 623 Majettu
763 523 971 598 detrimenti
992 547 1157 621 caperet,
1182 530 1297 625 palam
1314 534 1492 616 Pontifici

190 622 364 697 consueto
379 621 602 716 juramento.
622 623 672 712 (a)

236 718 307 795 Sed
330 743 381 792 eae
398 718 545 793 suenrnt
562 717 680 790 Bullae
724 714 840 810 apulei
857 714 1022 807 ultimae5
1049 719 1209 797 simulac
1224 724 1322 799 enim
1339 745 1419 806 totu
1435 757 1491 811 rer

189 817 228 890 in
252 818 523 892 contentionem
549 813 675 889 deveni
705 833 767 906 et,
809 838 883 887 non
908 834 1049 891 tantum
1075 819 1113 893 in
1140 819 1296 913 Synodlr
1320 843 1431 922 atque
1455 834 1494 909 in

179 912 438 1005 ¹Parlnmento,
465 910 522 988 sed
549 912 588 989 dt
609 912 647 984 in
667 910 869 985 Academiir
885 909 924 987 δι
939 914 1093 1022 privatis
1109 913 1249 993 sedibus
1266 917 1402 1016 Episeo
1449 927 1494 1001 li·

189 1009 278 1104 bus,
312 1034 353 1082 ea
381 1011 432 1082 ita
455 1009 507 1081 est
533 1006 705 1080 ventilata
732 1006 770 1080 &
788 1005 809 1077 i
827 1005 966 1083 canens
981 1007 1097 1086 senne
1115 1014 1154 1084 in
1171 1015 1308 1111 Anglii
1322 1041 1386 1100 eru
1415 1025 1497 1120 tis,

188 1107 356 1205 indagata
381 1129 489 1204 atque
515 1104 661 1182 solerter
683 1101 847 1193 excussa,
881 1123 926 1181 ut
949 1105 1050 1183 brevi
1078 1107 1159 1204 post
1185 1112 1223 1184 in
1247 1113 1338 1188 hanc
1356 1117 1497 1200 senten·

190 1205 278 1282 tiam
304 1204 386 1281 Lex
406 1203 462 1296 (b)
489 1201 640 1300 publico
661 1200 788 1300 Regni
805 1200 957 1278 Senatus
973 1202 1141 1280 consulto
1158 1205 1311 1283 definite
1327 1209 1372 1288 fit
1388 1239 1499 1315 atque

190 1302 443 1399 promulgata,
475 1350 505 1391 „
522 1293 713 1373 Pontificit
740 1293 1006 1377 Audorimrem
1024 1301 1062 1377 in
1079 1301 1215 1400 Angtia
1229 1327 1350 1385 carere
1367 1309 1498 1391 fundo·

191 1449 221 1497 „
243 1421 391 1484 mento,
427 1396 569 1473 initium
596 1418 729 1471 meram
755 1394 1043 1495 usurpationem,
1075 1423 1121 1494 pr
1191 1401 1302 1483 essum
1328 1406 1418 1483 verit
1437 1431 1499 1508 ty·

183 1519 221 1590 ·„
245 1492 427 1602 renuidem
454 1488 585 1602 firilie,
618 1490 822 1604 exustiones
847 1493 949 1569 iliius
974 1495 1101 1573 Cutiae
1120 1423 1248 1579 tilii·
1273 1525 1427 1602 muer,
1461 1509 1501 1585 in

71 1652 86 1667 ,
192 1643 221 1688 „
247 1590 380 1763 Αιιίξέιι
399 1588 485 1664 veri>
502 1585 605 1663 fuisse
622 1589 887 1681 intolerabilem
911 1615 977 1687 ne,
999 1597 1163 1686 quamvir
1180 1601 1290 1671 vuriae
1307 1623 1502 1699 proptera

191 1743 223 1787 „
245 1713 295 1787 po
348 1686 502 1762 rioribus
525 1683 652 1761 seculis
677 1707 791 1763 motae
809 1685 946 1760 fuerint
962 1689 1144 1783 querelae,
1168 1713 1243 1764 non
1259 1710 1380 1769 tamen
1396 1698 1500 1775 secu·

192 1840 221 1889 „
246 1807 324 1864 tum
343 1782 455 1861 ullum
473 1782 657 1875 levamen,
682 1784 849 1892 legesque
865 1782 913 1893 de
929 1783 1179 1895 Provisoribur
1195 1784 1335 1882 semper
1352 1792 1502 1871 caruisse

194 1938 224 1984 „
247 1879 404 1994 effedlue
438 1877 601 1974 ideirco,
633 1903 717 1955 cum
743 1876 944 1991 neitombue
968 1877 1125 1975 ipsorum
1151 1884 1294 1995 nullum
1320 1885 1426 1984 poliit
1445 1889 1502 1965 uf-

193 1975 1044 2252 :gtttetlsgtenn‘ff
1064 1980 1505 2179 :eeetntne

193 2232 223 2279 n

279 2173 420 2251 ontisex
445 2172 678 2274 imposterum
699 2196 768 2272 pro
785 2172 972 2274 Episcopo
987 2177 1166 2253 Romanor
1187 2177 1363 2255 Ecclesia:
1382 2184 1421 2258 δι
1435 2182 1505 2272 Ju-

195 2331 225 2380 ‚,
250 2271 465 2350 rndietionis
483 2273 796 2373 circumjacentis,
821 2297 886 2373 per
902 2297 1039 2351 veteres
1052 2274 1220 2351 Canoner
1237 2276 1423 2372 definitae,
1441 2281 1506 2353 ha·

195 2428 226 2474 „
250 2370 400 2462 beatur,
427 2372 513 2450 Rex
531 2371 698 2465 interint,
716 2371 983 2450 Auctoritatem
1002 2376 1097 2450 sunm
1118 2375 1155 2451 dt
1172 2375 1297 2471 Regni
1315 2379 1508 2476 privilegia

194 2527 224 2574 „
249 2469 460 2569 realiumnt,
491 2469 621 2572 quibus
648 2470 796 2570 Angiiae
815 2471 939 2570 Reger
955 2497 1136 2569 nunquam
1157 2468 1360 2550 formaliter
1374 2498 1509 2549 renun-

195 2625 224 2672 „
249 2573 456 2662 eiavernnt,
490 2566 555 2642 etsi
582 2569 715 2643 ultinto
740 2567 860 2643 seculo
886 2568 930 2642 nd
956 2570 1225 2668 usurpationem
1253 2595 1326 2647 non
1353 2575 1510 2669 amplius

251 2684 491 2740 conniverent.
524 2715 537 2752 ,

197 2722 226 2764 ’⁹
246 2760 358 2838 Certe
377 2716 736 2836 oxosJIENsEs
753 2753 891 2828 disertis
909 2756 1025 2830 verbis
1043 2761 1080 2829 in
1099 2779 1178 2827 eam
1195 2755 1436 2827 definiverunt
1452 2755 1507 2846 (c)

200 2855 410 2941 sententiam
437 2904 466 2946 „
483 2854 593 2947 Pepre
614 2853 652 2924 in
669 2848 845 2956 Regnum
864 2849 1011 3012 Anffliae
1023 2869 1104 2954 'non
1122 2846 1296 2955 majorem
1314 2847 1383 2921 esse
1401 2871 1507 2947 pote·

200 3003 237 3054 ,,1
248 2949 373 3029 statem
391 2971 498 3046 quam
518 2946 678 3045 cujusvis
695 2942 840 3019 alteriue
857 2940 928 3036 Epi
945 2963 1033 3037 copi
1049 2960 1203 3016 externi.
1220 2991 1248 3035 ,‚
1372 3042 1491 3122 CAN

243 3195 295 3282 (a)
319 3189 373 3263 De
390 3190 482 3278 eujur
500 3184 675 3275 Jurunenti
690 3179 865 3265 validitate,
883 3180 1040 3267 ipfiusque
1055 3183 1224 3253 Crantneri
1240 3184 1270 3250 in
1281 3207 1320 3253 eo
1337 3191 1510 3273 penando

205 3279 378 3355 sinceritate
391 3277 541 3362 jamnon
558 3269 762 3356 disputamus·
801 3263 916 3355 Καρὶ».
935 3264 1165 3340 THOYRAS
1181 3269 1281 3337 Torn.
1294 3273 1337 3336 V.
1354 3293 1508 3357 pag.314

202 3367 242 3435 de
259 3365 373 3431 eodem
390 3379 502 3447 egens,
520 3359 600 3426 hunc
616 3353 701 3423 addit
717 3353 898 3422 monelant:
922 3350 972 3421 Ce
988 3355 1073 3421 n’est
1090 3373 1140 3436 pes
1159 3354 1193 3416 li
1207 3374 1249 3418 un
1266 3357 1319 3420 des
1328 3360 1398 3438 plus
1408 3361 1506 3423 benur

202 3446 340 3519 endroitr
365 3445 404 3513 le
423 3445 454 3512 sa
470 3445 531 3511 vie.
571 3438 692 3508 Intetei
709 3454 814 3506 rnnen
830 3437 919 3505 illam
934 3436 1191 3504 Protesiationetn
1209 3454 1278 3507 turn
1296 3439 1312 3502 i
1331 3438 1509 3504 Cranmero

203 3528 341 3610 sedern,
357 3548 434 3596 eunt
450 3523 570 3595 douiff.
595 3522 738 3610 Strypiur
755 3523 785 3588 in
800 3520 876 3587 Vite
892 3519 1057 3587 Crunnteri
1073 3522 1270 3602 exhibuisset,
1285 3538 1381 3605 atque
1397 3527 1510 3590 exinde

204 3614 235 3683 lu
260 3611 414 3681 Conciliir
439 3609 570 3697 Magne
594 3607 671 3678 Brit.
695 3610 815 3690 legatur
832 3603 985 3672 Vosne
1006 3605 1150 3704 sulm.
1174 3607 1286 3675 exinde
1302 3609 1435 3672 eundern
1451 3611 1506 3675 de·

204 3715 349 3786 promere
366 3711 394 3763 nt
420 3716 459 3762 ue
476 3693 676 3764 documentis
693 3689 803 3759 nostris
820 3686 891 3756 No.
903 3685 1076 3757 XXVill·
1100 3688 1232 3756 inserere
1247 3691 1424 3758 voluimus.

245 3780 297 3863 (b)
320 3718 539 3847 BUdNET.
562 3782 626 3878 loe.
647 3776 698 3848 eit.
720 3798 750 3861 p.
766 3771 818 3855 84.
1045 3856 1053 3873 ·

244 3866 296 3953 (e)
320 3861 537 3933 BURNET.
561 3860 643 3933 Hist·
667 3858 816 3926 Reform.
840 3855 941 3931 Tom-
957 3857 1021 3931 lll.
1043 3870 1123 3931 tutet
1145 3856 1293 3931 Donum.
1317 3860 1375 3929 sol.
1388 3876 1438 3944 53.
1455 3877 1509 3942 54.

204 3951 267 4038 seq.
294 3950 323 4018 n
341 3947 471 4019 Concil.
489 3946 605 4034 Magn.
621 3942 698 4014 Brit.
715 3941 775 4012 iol.
786 3954 859 4024 775.
