3322 4456
76 279 342 378 ,ΛΑΜ
505 263 1477 381 RENOVATIM·‘.105·

169 456 198 503 ‚,
224 400 485 503 turpitudinem
505 395 599 475 suam
619 393 794 472 venduut.
820 389 1472 504 Hirepertinet,·quodeaudemrern,

167 555 198 601 „
215 505 348 590 eodem
376 499 550 597 temporis
576 493 736 592 punsto,
769 487 1153 603 pluribusndrvendunt
1175 500 1406 597 insolidum,
1431 504 1472 583 δε

167 652 197 698 „
222 601 368 699 quidem
397 595 514 670 insciis
538 583 988 690 emptoribuspraesertrm
1013 612 1054 660 ns
1070 591 1182 689 locis,
1207 598 1269 671 ubi
1288 598 1471 683 maiorest

168 751 198 794 „
224 698 412 771 bominum
440 692 653 787 frequentia.
696 683 809 758 Venit
834 705 879 755 ex
900 680 1089 758 nobilitate
1106 693 1278 790 quispiam
1297 699 1334 771 in
1352 700 1469 777 aedem

169 847 198 891 „
225 793 574 878 Dominicauorum,
595 787 632 858 ὃ(
652 779 794 856 Missam
804 777 987 879 deposcite
1005 783 1130 855 annuit
1140 793 1343 867 monachus.
1369 799 1468 879 Mox

171 942 200 984 ‚,
225 891 313 961 alius
331 888 424 958 idem
443 886 558 981 petit,
578 882 614 956 δι
634 881 720 952 item
738 879 884 970 tertius,
901 872 1019 974 ebque
1034 877 1180 975 plures·
1191 884 1315 962 Prodit
1324 893 1468 983 tandem

172 1037 201 1081 „
227 984 289 1058 ille
305 982 529 1079 personatus,
556 979 591 1052 ἃ
611 974 720 1051 Missa
737 973 899 1072 perusia,
925 976 1114 1072 pecuniam
1134 976 1154 1049 a
1174 975 1316 1077 singulis
1333 990 1468 1085 accipit

172 1134 201 1176 „
228 1083 415 1178 integram.
456 1077 625 1151 Hoccine
643 1095 683 1148 tu
701 1072 790 1147 nihil
807 1070 876 1146 esse
893 1072 1020 1168 putas?
1046 1075 1201 1172 Ingenio
1217 1077 1315 1152 certe
1333 1105 1386 1155 res
1404 1084 1469 1161 ista

172 1232 200 1275 „
226 1202 297 1252 non
321 1174 439 1250 caret:
474 1199 516 1248 ac
543 1170 617 1246 fere
645 1170 784 1264 videas,
818 1193 891 1243 uon
917 1169 986 1244 illis
1004 1171 1047 1245 ad
1062 1170 1273 1249 faciundum
1290 1170 1470 1274 quaeslum

169 1328 199 1373 „
225 1275 339 1386 aliqua
365 1273 493 1370 majori
520 1295 610 1367 opus
634 1267 703 1343 esse
728 1267 886 1342 materia.
929 1267 1027 1341 Nam
1054 1269 1113 1344 vel
1139 1294 1232 1345 cerae
1258 1275 1470 1373 particulam

168 1425 198 1471 „
224 1370 290 1444 srbr
308 1367 522 1444 fructuosam
540 1367 690 1442 faciunt.
724 1363 836 1439 Forte
855 1367 891 1436 in
908 1366 1084 1464 templum
1103 1369 1304 1464 ingreditur
1321 1373 1468 1453 mulier·

166 1523 199 1566 „
225 1469 307 1543 cula
324 1467 526 1566 quaepiam,
551 1467 588 1541 ὃ(
606 1487 749 1540 cereum
766 1481 847 1536 ante
866 1462 1005 1537 Divum
1023 1464 1176 1561 aliquem
1194 1465 1322 1567 affigit.
1356 1471 1469 1571 adea

168 1618 198 1663 „
224 1563 244 1639 ὲ
263 1565 416 1663 vestigio
435 1588 532 1639 meus
551 1563 612 1637 hic
631 1560 818 1637 venditor:
845 1559 998 1656 corripit
1015 1584 1180 1656 cereum,
1204 1570 1409 1665 extinguit,
1428 1572 1469 1651 δι

169 1717 197 1762 ,,
223 1661 471 1762 compluribus
498 1659 626 1736 deinde
652 1659 728 1734 aliis
751 1656 877 1735 urdine
899 1657 1044 1732 vendit·
1077 1659 1206 1734 Ceram
1223 1685 1340 1737 autern
1359 1668 1468 1764 pleri·

163 1816 197 1859 „
224 1786 293 1859 que
318 1785 443 1836 omnes
457 1777 651 1851 exercent,
684 1757 863 1831 tenuiores
881 1755 1047 1926 (pidem,
1073 1755 1122 1831 src
1141 1779 1182 1832 ut
1196 1761 1269 1855 jam
1288 1758 1468 1863 diximus,

168 1913 197 1957 „
223 1862 373 1955 majores
391 1879 510 1934 autem
529 1859 564 1931 in
584 1855 694 1930 literis
710 1873 818 1952 atque
826 1854 888 1949 dip
904 1856 1052 1928 omatis:
1070 1857 1386 1953 cujusmodisuut,
1404 1865 1469 1961 qui

167 2008 196 2053 „
222 1955 336 2053 vulgo
353 1957 525 2032 dicuntur
543 1951 751 2045 officiales,
777 1949 949 2049 copistae,
977 1951 1174 2048 sigilliferi,
1200 1954 1346 2049 dotarii,
1373 1954 1470 2061 &id

166 2105 195 2150 „
246 2078 332 2129 enus
350 2055 422 2128 alii.
464 2054 509 2125 M
558 2051 822 2129 nisicusautem
841 2049 924 2141 ille,
950 2052 1011 2146 qui
1030 2053 1353 2129 caeterisomnibus
1372 2081 1468 2154 praes

170 2200 198 2241 „
220 2074 313 2242 fiat,
348 2152 386 2223 dt
413 2147 520 2223 saneti
547 2151 611 2219 imi
634 2170 767 2225 nomen
785 2144 849 2218 fibi
866 2145 994 2236 sumit,
1018 2169 1092 2220 non
1109 2149 1252 2245 quidem
1272 2155 1388 2228 utitur
1405 2150 1467 2242 ces

170 2293 199 2336 „
226 2266 284 2333 ra,
317 2241 375 2314 sed
401 2243 554 2313 mirabili
580 2243 736 2336 quodam
763 2239 918 2311 artificio
944 2241 1132 2336 plumbum
1152 2251 1332 2323 convertit
1351 2252 1387 2324 in
1403 2275 1468 2337 au,-

169 2390 200 2434 „
226 2360 320 2410 rum.
361 2337 504 2409 Deinde
531 2335 643 2431 pileos
671 2334 829 2406 maximo
855 2336 998 2429 vendit,
1033 2341 1226 2434 praesertim
1247 2367 1469 2447 purpureos,

171 2488 199 2531 „
225 2435 355 2533 quibus
381 2431 595 2529 amplificati
620 2450 820 2527 emptores,
855 2429 973 2526 paffim
1002 2434 1039 2505 in
1065 2437 1252 2510 hominum
1280 2465 1383 2515 coetu
1399 2443 1468 2521 sese

166 2585 198 2629 „
223 2532 424 2623 ostentant,
458 2531 495 2605 &
513 2528 644 2603 alacres
662 2550 725 2624 per
743 2527 863 2601 omnia
880 2529 962 2600 loca
978 2530 1154 2623 volitant,
1180 2536 1398 2633 Regumque
1415 2539 1468 2627 se,

168 2682 198 2725 „
222 2653 261 2705 re
285 2626 463 2703 sectantur
487 2628 601 2715 aulas,
629 2625 848 2700 &maximis
865 2621 1035 2706 fruuntur
1052 2632 1313 2726 praerogativis.
1348 2634 1469 2740 pbri,-

166 2781 195 2824 „
221 2747 308 2802 nent
331 2727 427 2801 enim
474 2724 631 2799 uotlibet
647 2721 863 2816 sacerdotia,
889 2722 927 2798 δε
948 2720 1180 2823 finesumptu
1196 2727 1342 2824 quidem
1358 2751 1468 2835 atque

165 2879 194 2923 „
218 2823 424 2923 dispendio:
449 2748 580 2897 deinde
597 2819 676 2894 sunt
693 2821 770 2918 ejus
787 2819 941 2913 ordinis,
961 2818 1055 2894 unde
1073 2825 1263 2919 proxlmus
1277 2825 1329 2902 cst
1345 2826 1467 2925 ascen}

167 2975 195 3020 „
221 2922 275 2998 sus
292 2925 334 2996 ad
353 2921 534 3010 summum,
547 2919 734 3018 dignitatis
749 2918 900 3017 gradum
918 2916 1161 3016 atquesedem.
1188 2924 1468 3010 Horumexem.

167 3073 197 3118 „
248 3022 308 3114 lo,
343 3016 570 3095 Sorbonistae
591 3015 870 3090 Lutetianisuos
887 3017 994 3092 etiam
1013 3016 1127 3113 pileos
1144 3021 1343 3101 divendunt
1361 3029 1467 3106 theov

170 3170 199 3214 „
222 3045 336 3213 sogiae
360 3117 578 3206 candidatis,
609 3137 806 3210 eorumque
831 3114 976 3214 sumptu
993 3116 1183 3213 epulantur
1198 3121 1468 3216 spendidissrmef,

170 3215 295 3310 „Sed
323 3214 382 3286 hic
410 3212 497 3286 scire
523 3210 653 3303 velim,
688 3213 829 3306 quando
855 3212 1000 3307 quidem
1027 3216 1193 3307 Joarmrm
1217 3218 1468 3308 ejus-nominis

169 3364 199 3411 „
224 3308 416 3402 oslavum,
448 3306 548 3382 suiffe
575 3301 783 3397 soemiuam,
810 3307 846 3379 ὃ(
865 3308 974 3379 tertio
991 3308 1225 3402 pontificatus
1240 3335 1332 3386 anno
1350 3310 1469 3403 filiuni

170 3462 198 3504 „
225 3407 395 3508 peperisse
412 3406 581 3499 tradunt,
606 3402 715 3497 scire,
740 3395 906 3496 inquam,
930 3403 1060 3499 velim,
1085 3408 1262 3504 primum,
1291 3433 1339 3484 au
1352 3412 1469 3512 Spiri-

148 3588 152 3594 ,
174 3554 201 3597 „
225 3529 282 3580 tus
300 3505 406 3580 saneti
425 3505 572 3580 numine
590 3499 699 3576 suerit
715 3497 851 3573 cletta?
871 3499 1035 3597 Deinde,
1053 3527 1137 3590 num
1147 3507 1223 3600 ejus
1232 3505 1470 3593 aeta‚debeaut

177 3649 204 3693 „
224 3602 348 3674 haberi
373 3603 470 3675 rata?
507 3596 652 3699 quandb
678 3596 848 3672 videlicet
874 3618 935 3671 aut
952 3601 1188 3677 cardinalatus
1206 3625 1266 3678 aut
1283 3598 1469 3706 episcopis·

176 3747 205 3793 „
232 3714 288 3767 rus
312 3716 373 3769 aut
399 3697 554 3772 abbatias
570 3695 744 3775 vendidit.
789 3691 995 3794 Postremb,
1020 3699 1109 3795 quid
1124 3699 1344 3782 sentiendum
1365 3705 1409 3783 fit
1425 3704 1471 3784 de

175 3846 203 3892 ,‚
229 3790 429 3868 clrara8tere
446 3791 674 3889 sacerdotali,
700 3817 773 3893 quo
792 3791 865 3867 suit
880 3791 1072 3895 iufignita?
1134 3851 1138 3860 .

803 3890 842 3967 o
1403 3872 1475 3974 sea
