3322 4456
180 368 346 462 Asty-34,
508 352 549 428 R
596 350 631 427 E
680 348 722 427 N
771 345 895 423 0'V
947 349 979 422 Α
1026 349 1067 421 -Τ
1116 352 1147 423 l.
1349 379 1350 385 ’
1416 381 1487 460 ²39

177 540 205 588 „
230 490 289 565 vel
306 487 425 582 Leges
440 474 654 566 Pontificio,
673 472 730 549 vel
748 471 796 545 ob
813 469 908 546 diua
925 493 986 545 aur
1003 471 1095 546 faeta
1108 480 1234 553 contra
1250 483 1348 576 illas,
1368 490 1484 562 moie-

176 639 204 685 „
231 585 330 662 stiam
348 577 534 656 creandam
544 603 557 659 ι
578 570 753 664 denique,
773 568 952 642 Homines
968 569 1017 643 ob
1034 572 1183 647 haercfin
1200 578 1365 677 delegato
1381 608 1483 658 com-

176 734 204 784 „
230 681 352 760 miffos
378 677 464 748 dato
491 667 699 744 vadimonio
724 661 837 740 eximi
864 663 983 764 poffe,
1016 690 1057 740 ea
1074 672 1283 747 conditione
1301 699 1342 750 ut
1361 684 1482 756 vocari

231 780 446 856 niterentur.
710 782 722 792 ·
1480 818 1483 823 -

176 834 204 880 ”
227 890 260 963 ς.
278 818 490 949 Lxxvlif
515 859 581 936 Est
599 857 686 935 verb
704 857 803 934 circa
821 857 915 934 idam
934 879 1099 956 tempus,
1117 862 1281 961 religiosa
1298 869 1482 966 quaedam,

207 993 284 1048 atne
311 960 464 1044 dixerim
499 956 696 1058 flagitiosa,
722 979 804 1054 quat
838 957 1001 1031 omnium
1029 955 1103 1030 fore
1128 983 1190 1033 oro
1216 961 1394 1051 celebrata
1411 966 1484 1041 fuit

178 998 252 1145 fusa
277 1063 435 1154 Fabula,
468 1057 637 1133 &Puella
661 1056 813 1155 quadam
839 1057 1032 1148 Cantirnst,
1066 1056 1103 1130 ba
1129 1060 1205 1153 ujus
1223 1057 1349 1152 sociis,
1375 1084 1483 1157 quarn·

178 1166 303 1265 paucis
320 1156 584 1247 enarrabimus,
616 1172 659 1227 ut
682 1176 725 1228 ca
748 1152 927 1246 coepcrit,
962 1171 1004 1224 ut
1028 1149 1136 1225 fiterio
1153 1153 1355 1254 progreffu,
1380 1161 1482 1232 deni·

177 1286 249 1362 que
265 1279 306 1336 ut
322 1281 363 1333 ea
380 1255 490 1330 fuerit
512 1250 628 1341 elusa,
654 1271 751 1324 novo
778 1247 882 1343 plan&
899 1247 1144 1342 documento,
1166 1274 1271 1349 quam
1290 1255 1398 1328 fucrit
1415 1277 1483 1354 gt·

177 1362 258 1436 niua
290 1355 550 1440 clericorum,
593 1344 717 1425 Curiae
753 1347 933 1421 Romanae
969 1347 1170 1423 commodis
1196 1347 1482 1446 adhaerentium,

175 1452 408 1533 fraudibua&
424 1445 629 1544 imposturis
646 1443 759 1539 aragia
777 1441 940 1534 deditur,
964 1467 1071 1539 quum
1089 1445 1317 1541 religioniac
1336 1446 1482 1525 fincerae

176 1555 216 1632 iu
240 1553 363 1628 Deum
391 1547 541 1643 pictati,
567 1541 706 1618 tametii
723 1540 930 1638 Religionis
948 1541 1068 1614 velum
1086 1539 1149 1616 suo
1167 1542 1390 1621 obducerent
1407 1547 1482 1624 sce-

177 1649 315 1823 larssmt
330 1736 536 1819 Elisaberhn
553 1730 868 1824 BARTONIA,
886 1730 1021 1810 Cautio
1039 1731 1210 1828 oriunda,
1227 1741 1484 1836 quaeregioan

175 1841 324 1940 Angliac
342 1838 543 1925 maritima,
562 1831 675 1930 vulgo
688 1828 915 1908 diuaPuaua
926 1834 1130 1929 Cantienfir,
1148 1854 1323 1929 quaecuna
1335 1838 1487 1921 subinde

176 1939 203 2013 h
232 1938 365 2016 stericir
379 1927 674 2022 convulfionibua
688 1928 732 2003 ad
747 1927 1054 2025 phrenesrnuaque
1068 1930 1267 2026 laboraret,
1286 1934 1485 2031 persuaderi

179 1965 246 2115 fibi
261 2029 354 2131 passa
362 2030 434 2120 est,
452 2049 492 2107 ut
499 2029 640 2137 divinas
650 2024 1062 2136 jadiaretreveiationesr
1082 2025 1214 2120 Certb,
1224 2053 1306 2103 curn
1318 2033 1377 2107 illa
1388 2028 1489 2137 priua¹

82 2185 88 2194 ,
179 2127 429 2207 incestafibus
446 2127 529 2197 talia
546 2123 723 2214 proferret
741 2119 871 2210 verba,
894 2122 1025 2213 quibua
1043 2122 1080 2196 δι
1098 2123 1369 2201 admirationem
1388 2131 1486 2227 apud

178 2220 371 2301 nonnullos
391 2219 428 2288 δι
446 2217 654 2308 opinionem
672 2238 713 2294 ac
732 2212 758 2282 fi
776 2217 799 2296 a,
812 2214 893 2284 Deo
910 2215 1190 2310 inspiratarffet,
1207 2225 1406 2316 excitaret,
1424 2248 1485 2298 ac·

182 2316 279 2397 ceffir
307 2311 514 2391 Richardua
541 2307 675 2380 Master
729 2307 874 2381 aroeciae
901 2310 1197 2407 Aldiugtonenfis
1222 2318 1365 2410 Pastor,
1393 2323 1495 2400 lucri

182 2417 266 2495 iude
286 2412 351 2491 fibi
370 2405 537 2505 captandi
556 2404 680 2501 cupidi
708 2425 820 2494 rmus,
837 2424 944 2500 atque
963 2408 1116 2503 puella,
1135 2432 1216 2504 quae
1235 2430 1363 2486 tumut
1375 2417 1489 2511 piuri-

183 2537 284 2588 mum
311 2531 437 2585 eorum
465 2527 546 2602 quae
574 2505 611 2577 iu
639 2524 854 2598 paroxysmo
879 2503 1039 2597 dixerat,
1072 2505 1185 2580 oblita
1201 2528 1298 2600 erat,
1329 2505 1488 2604 primurn

184 2608 391 2708 persuadere
418 2621 567 2679 conatus
592 2598 665 2690 cst,
700 2599 872 2696 quicquid
895 2599 1056 2694 dixerat,
1082 2604 1118 2674 id
1136 2603 1351 2680 immediatae
1371 2607 1488 2704 Spiri-

184 2728 242 2783 tur
263 2709 300 2781 S.
322 2701 543 2798 inspirationi
563 2695 748 2773 ferendum
767 2695 837 2776 effe
852 2719 1042 2795 acceptum
1054 2732 1067 2789 ι
1466 2701 1494 2751 '·
1632 2704 1633 2709 ’

235 2805 419 2895 Deinceps
446 2794 533 2871 verb
556 2799 687 2886 etiam,
712 2793 856 2875 aestaset
875 2794 1013 2892 fingere
1032 2798 1077 2872 dc
1089 2797 1186 2893 paria
1205 2798 1366 2897 proferre
1381 2801 1498 2885 verba.

177 2900 277 2977 ¹ficut
299 2920 403 2988 ante,
438 2918 512 2968 eum
536 2892 706 2983 edocuit,
731 2893 821 2967 adeb
847 2915 888 2965 ut
904 2917 1049 2991 quoque
1067 2896 1165 2967 brevi
1185 2901 1357 2994 temporir
1375 2901 1492 2998 spatio

187 3000 224 3071 in
243 2999 296 3071 his
317 2995 447 3068 talibus
467 2994 503 3065 δι
522 2991 689 3087 expedita
707 2989 792 3066 esset
812 2991 848 3067 &
868 2990 1031 3088 spiritum
1053 2991 1214 3067 fimulare
1230 2997 1380 3085 radosta,
1414 3003 1495 3073 Rea

189 3093 426 3180 increbescit,
459 3107 657 3162 evocantur
684 3088 812 3180 multi,
846 3110 1039 3164 accurrunt
1066 3093 1150 3162 alii:
1188 3093 1310 3167 Pastor
1336 3097 1395 3167 iile
1417 3097 1490 3168 Ca·

189 3192 324 3267 nonico
357 3186 510 3286 quodam
547 3184 793 3258 Cantuarienfi
828 3185 1036 3285 Bockingio
1064 3189 1099 3258 in
1124 3187 1261 3262 sceleris
1285 3190 1497 3274 societatem

189 3287 364 3378 affumto,
401 3281 520 3380 primi>
546 3280 722 3380 quaestum
750 3279 866 3358 facere
892 3284 1050 3356 tentabat
1075 3307 1120 3357 ex
1151 3285 1311 3380 imagine
1338 3288 1494 3380 Mariae,

191 3409 298 3484 quam
317 3385 353 3456 in
373 3381 514 3459 Saceilo
531 3379 595 3455 suo
614 3376 766 3452 habebat
783 3375 996 3474 repoiitam,
1012 3402 1188 3476 quamque
1208 3384 1287 3456 haec
1304 3385 1375 3482 ipsa
1391 3386 1500 3484 puel.

1463 3486 1501 3558 ln

194 3639 376 3708 Lutherum
391 3657 445 3706 aut
461 3639 575 3708 eorum
591 3641 778 3727 dogmatum
795 3637 938 3704 auctores
950 3636 1007 3705 ise
1023 3658 1218 3726 removeret,
1236 3644 1342 3711 saevire
1355 3648 1451 3734 coepit
1464 3649 1499 3715 in

194 3725 226 3789 id
249 3739 348 3808 genus
371 3723 556 3805 hominum,
580 3724 667 3808 quod
683 3724 842 3790 haereticos
858 3726 975 3807 vulgus
992 3727 1145 3809 appellat,
1168 3727 1199 3794 ,ἃ
1218 3728 1337 3812 ignibus
1354 3751 1497 3796 creman-

195 3811 254 3874 dos
281 3803 383 3884 dedit,
416 3824 481 3870 non
506 3806 614 3872 solum
638 3808 774 3875 Batavos
822 3807 954 3874 nordarn
980 3808 1210 3892 Anabaptistas‚
1241 3812 1293 3876 sed
1315 3815 1406 3876 eriam
1424 3831 1503 3876 vera

218 3893 307 3957 ierate
330 3889 462 3974 insignes
485 3888 736 3977 aliquantos,
767 3829 919 3961 reiectura
943 3911 980 3958 ex
1005 3891 1157 3962 Annalib.
1182 3896 1327 3982 Anglicis
1349 3892 1501 3962 SCUL-

230 3974 335 4048 ETO.
359 3973 460 4043 Toni.
479 3972 522 4039 11.
545 3994 576 4060 p.
592 3990 666 4058 445.
