3322 4456
767 326 878 424 (79.)

175 479 270 556 elic
286 465 573 557 Ecclefiesticae,
591 459 715 536 eodem
732 463 812 558 jure
826 457 987 553 Divino,
1008 454 1244 538 Monarchica
1261 456 1475 562 potestasest
1594 477 1598 487 ’

174 576 337 675 Pupalis,
363 569 423 642 cui
442 561 594 660 quilibet
613 561 642 631 F
646 560 791 632 idelium
810 556 942 631 lubelie
960 558 1204 656 dignoscitur,
1230 565 1288 636 cui
1306 565 1472 663 adjungi·

172 695 234 749 tur
261 663 485 765 Episcopalis
511 658 667 756 dignitas
693 658 729 730 ὃ(
749 655 920 751 plebana,
947 653 1019 728 five
1036 655 1294 732 Parochialium
1314 661 1472 734 Curato·

174 793 275 845 rum:
312 761 458 856 Quibus
484 757 650 830 omnibus
672 756 779 849 juxta
796 750 873 825 suos
890 752 1020 849 gradus
1061 757 1217 848 ompetit
1235 781 1318 827 oves
1337 755 1473 831 Christi

173 867 327 965 pascere.
363 859 448 932 Nec
466 877 583 927 tamen
604 850 628 922 fi
646 852 764 945 aliqua
781 848 801 920 i.
820 847 984 921 Patribus
1017 847 1117 921 anile
1136 849 1318 943 instituta,
1344 856 1381 924 in
1400 877 1477 950 quo

174 962 270 1058 lapsu
294 954 465 1050 temporis
484 949 687 1021 inciderunt
705 944 852 1036 abusus,
870 947 1128 1040 immutantur,
1147 949 1228 1021 ideo
1244 950 1316 1045 jum
1336 950 1476 1052 deperit
1520 1018 1527 1037 ,

173 1060 303 1150 Fides,
328 1073 388 1127 aut
406 1050 515 1145 aliqui
534 1044 693 1119 Articuli
710 1043 813 1117 Fidei
831 1042 1010 1117 necessarii
1028 1046 1178 1118 veniunt
1195 1045 1347 1135 delendi.

788 1237 857 1310 ΙΙ.

187 1479 191 1487 ,
288 1391 347 1469 De
362 1388 599 1466 traditionibus
615 1383 768 1458 humanis
784 1408 895 1458 rerum
912 1381 1174 1479 indifferentium
1189 1391 1225 1459 in
1237 1411 1364 1484 genere·
1462 1448 1464 1455 .

243 1540 433 1612 lamrrun
451 1531 643 1607 tenendum
662 1527 735 1619 est,
761 1528 1046 1626 superstitionem
1065 1553 1138 1602 non
1158 1530 1246 1625 effe,
1272 1531 1328 1605 sed
1346 1533 1476 1608 verita·

260 1656 332 1708 tem
353 1630 581 1706 Catholicam
600 1628 679 1721 Jur‘r
698 1627 835 1699 Divino
853 1629 1034 1717 innixam,
1055 1624 1250 1700 Ecclesiam
1270 1627 1367 1725 posse
1379 1630 1479 1731 juste

176 1735 254 1809 obli
282 1755 340 1805 are
349 1728 490 1802 Fideles
503 1728 545 1798 ad
561 1726 678 1820 aliqua
692 1726 1103 1824 praeeeptadisciplinae‚
1122 1723 1271 1818 utsunt,
1284 1728 1481 1826 jejunium,

174 1755 290 1906 delei

174 1947 311 2005 rentur.
344 1924 451 1998 Talia
468 1923 562 1995 enim
582 1921 625 1993 ad
645 1921 796 1991 virtutes
814 1919 1067 2015 comparandas
1087 1919 1298 1997 conducunt
1313 1921 1350 1997 ὅ(
1365 1923 1407 1997 ad
1425 1920 1480 1999 fu·
1584 1978 1590 1989 t

175 2026 339 2099 ciliorem
365 2020 423 2094 seu
449 2018 734 2092 commodiorem
764 2015 984 2089 Divinorum
1014 2039 1278 2112 praeceptorum
1307 2018 1482 2119 adimple·

175 2121 335 2206 tionem,
370 2138 434 2210 per
459 2134 541 2209 quae
570 2113 649 2184 sane
679 2113 779 2182 Deus
806 2114 969 2207 placatur
996 2113 1033 2185 &
1062 2112 1203 2210 flagella
1229 2115 1289 2187 lua
1315 2126 1485 2215 amovet,

177 2231 432 2313 promerentur
457 2205 674 2296 Christiani,
700 2207 787 2277 vitia
806 2209 1118 2303 comprimuntur,
1145 2233 1271 2307 magna
1290 2217 1482 2311 acquirun-

178 2329 239 2386 tur
257 2302 505 2384 lamfadlionis
519 2305 776 2376 emolumenta.
1459 2310 1464 2319 '

775 2495 882 2568 lll.

339 2645 396 2720 De
405 2645 555 2741 jejunio,
581 2642 789 2740 castigatione
806 2647 937 2734 carnis,
964 2644 1006 2729 [d
1023 2646 1167 2720 ciborum
1183 2647 1318 2723 deiciia.

250 2794 436 2866 lamara
457 2789 650 2863 tenendum
669 2788 720 2860 est
739 2788 985 2885 prudenter&
1002 2789 1170 2887 religiosi
1190 2791 1387 2869 Ecclefiam
1408 2820 1485 2874 cer·

267 2912 304 2964 ta
329 2910 450 2987 praece
478 2885 539 2958 isse
561 2887 699 2985 jejunia
717 2886 754 2959 dt
774 2886 1021 2982 prescriptum
1042 2884 1217 2962 deleiium
1238 2891 1402 2968 ciborum
1421 2894 1485 2970 Fi·

181 2991 325 3062 delibus
342 3008 430 3061 nece
459 2983 535 3056 ario
555 2983 782 3056 observanda.
828 2985 949 3076 Atque
969 2985 1053 3057 huic
1071 2984 1254 3062 sententia
1274 2990 1392 3066 nullus
1410 2992 1483 3068 Ca·

183 3087 406 3159 tholicorum
435 3080 663 3172 Dodlorum,
698 3079 795 3153 reue*
820 3081 1039 3173 intelledius,
1073 3080 1282 3184 refragatur.
1325 3086 1441 3189 Quod
1462 3090 1490 3181 fi·
1606 3166 1611 3176 ,

183 3184 293 3253 multi
320 3180 527 3277 hujusmodi
554 3178 714 3251 salutaria
741 3179 915 3251 Ecclefiae
938 3179 1029 3274 julla
1046 3180 1239 3276 depravato
1256 3182 1387 3258 affeetu
1404 3211 1488 3261 cor·

185 3279 286 3372 rupti
312 3297 386 3349 non
413 3277 625 3367 observant,
660 3296 879 3369 nequaquam
908 3295 1098 3370 propterea
1125 3280 1184 3350 illa
1211 3275 1338 3353 auferri
1366 3306 1488 3380 operae

186 3374 343 3473 pretium
370 3373 445 3460 estr
482 3374 615 3469 Neque
642 3369 737 3443 redle*
758 3372 890 3469 jugum
920 3371 1056 3442 Chri-lli
1085 3374 1198 3465 perse
1218 3377 1295 3450 leve
1314 3381 1490 3457 variarum

189 3469 490 3547 constitutionum
520 3469 846 3544 Ecclesiasticarum
873 3487 980 3541 onere
1005 3487 1241 3567 aggravatur,
1266 3480 1490 3577 quandoqui.

188 3572 269 3642 dem
297 3588 409 3663 pauca
433 3568 513 3640 lum
539 3567 714 3640 Ecclefiae
741 3585 923 3664 praecepta
951 3562 1193 3642 universaliter
1209 3595 1331 3648 omnes
1350 3575 1493 3654 Fideles

189 3666 407 3761 obligantis,
427 3685 506 3758 quae
520 3667 602 3737 Deo
619 3665 836 3753 auxiliante,
854 3663 916 3758 qui
935 3663 1023 3734 nulli
1042 3662 1133 3736 luam
1155 3668 1307 3767 denegat
1326 3678 1496 3771 gratiam,

188 3784 261 3835 non
289 3756 484 3833 admodum
511 3762 738 3857 reperiuntur
763 3759 935 3832 difficilia.
980 3760 1138 3837 Afferere
1164 3789 1359 3863 praeterea,
1393 3772 1498 3870 quad.

189 3861 288 3936 uullu
304 3861 363 3935 lex
378 3860 599 3959 jejuniorum
618 3858 705 3934 ferri
722 3858 835 3939 valeat
853 3859 1005 3934 intanta
1023 3859 1208 3939 hominum
1222 3866 1259 3942 &
1269 3869 1497 3966 complexio·

292 4000 295 4007 ¹
1410 3989 1503 4040 aum

291 1853 332 1904 us
347 1825 513 1900 ciborum
534 1823 572 1898 &
590 1823 756 1919 pleraque
774 1818 996 1915 conlimilia,
1022 1821 1064 1893 ad
1084 1845 1165 1919 quae
1184 1822 1267 1897 aliis
1286 1846 1359 1897 non
1378 1847 1478 1901 tene·
1625 1860 1632 1877 ν
