3322 4456
603 392 605 397 ‚
743 286 874 388 (ur)

156 436 255 512 tuin,
288 434 333 493 ut
357 438 421 516 pet
446 411 637 490 saxoniam
664 434 858 512 prorepens
882 430 996 485 totam
1016 415 1185 510 pervadat
1203 414 1455 515 Germaniam,

154 515 194 591 δι
218 513 338 591 afflatu
364 513 476 609 npxio
503 512 657 585 inferum
684 508 843 584 eruslaiis
871 510 1015 606 ignem,
1049 511 1138 584 illud
1165 513 1305 612 spargat
1332 519 1454 590 incen-

154 611 277 705 dium,
312 608 410 709 quod
438 609 610 683 Germani
629 610 736 702 tpties
754 607 946 680 voluerunt
964 605 1132 705 sanguine
1148 607 1457 710 suo'restinguere.

156 708 244 801 Qua
271 709 308 782 in
335 730 372 782 re
396 729 596 804 quanquam
615 729 681 802 pro
699 701 814 779 vestra
828 704 990 776 bonitate
1007 727 1071 775 vos
1089 725 1160 779 tam
1179 710 1371 800 propensos
1388 707 1458 783 effe

154 829 229 880 non
246 793 415 901 ambigo,
440 825 481 875 ut
503 826 618 900 neque
636 803 815 874 monitore
833 799 936 872 vobis
955 821 1069 895 neque
1086 803 1270 874 hortatore
1290 803 1330 875 fit
1342 830 1456 900 opus,

154 901 240 998 Ego
259 921 376 975 tamen
396 925 462 997 pro
482 922 562 970 meo
582 904 616 970 in
636 922 700 969 vos
718 894 850 969 affesiu
868 921 924 968 ine
941 897 1125 969 continere
1135 923 1206 969 non
1223 903 1349 991 potui,
1367 905 1455 996 quin
1498 896 1501 903 ’

154 999 200 1070 ad
226 997 422 1070 voluntatis
449 995 574 1069 vestrae
594 997 812 1090 pronitatem
834 993 1148 1067 &admonitiones
1166 999 1258 1067 meas
1277 996 1314 1069 δι
1333 997 1464 1071 horta-⁵

155 1094 272 1169 tiones
297 1094 542 1193 adjungerem.
585 1092 728 1164 Etenim
757 1114 865 1188 qaum
893 1091 1029 1162 nullum
1057 1092 1256 1188 principem
1282 1114 1352 1163 tam
1371 1094 1456 1168 alie·

50 1246 58 1273 ,
158 1213 244 1263 rium
274 1212 425 1287 putem,
460 1192 546 1287 quiri
565 1190 595 1261 ei
616 1190 704 1260 mihi
722 1189 841 1260 videar
859 1188 894 1259 id
913 1185 1025 1259 officii
1044 1189 1194 1280 debere,
1220 1209 1261 1260 ut
1279 1214 1347 1286 qua
1366 1193 1400 1261 in
1420 1216 1457 1264 re

155 1284 303 1384 poffim,
323 1291 399 1384 ejus
419 1286 548 1359 honori
568 1285 772 1376 consulam,
790 1284 893 1357 vobis
911 1286 978 1356 viri
997 1283 1186 1383 dignissimi
1205 1308 1244 1357 ut
1263 1288 1297 1357 id
1318 1289 1456 1382 irnperi-

155 1382 224 1457 fius
250 1384 461 1476 exhibeam,
495 1384 640 1479 cognati
665 1383 826 1478 quaedam
854 1381 1029 1478 sanguinis
1049 1388 1140 1454 inter
1158 1407 1222 1454 nos
1241 1382 1456 1459 necessitudo

151 1479 314 1557 constriri
346 1484 394 1572 it,
422 1481 707 1576 quandoquidem
732 1479 897 1575 intelligo
917 1476 1155 1552 Sereniffimos
1173 1480 1357 1576 majorese
1378 1482 1456 1555 stir-

154 1602 200 1675 pe
218 1504 400 1651 clarisona
417 1579 565 1675 Regum
577 1577 722 1673 Angliae
742 1578 1015 1673 progenitorum
1034 1599 1195 1648 meorum
1216 1574 1282 1648 esse
1301 1602 1458 1674 progna·

150 1684 226 1747 'tos.
275 1674 374 1770 Quae
405 1676 615 1748 commuuio
642 1673 757 1769 stirpis
785 1676 821 1746 bt
848 1671 996 1744 societas
1021 1670 1197 1770 sanguinis
1226 1672 1273 1745 sic
1299 1677 1457 1750 animum

155 1793 277 1846 meum
296 1770 409 1846 afficit
426 1796 513 1870 ergit
529 1796 616 1863 vos,
633 1789 675 1844 ut
693 1769 782 1842 nihil
800 1789 861 1841 aut
880 1768 1063 1843 commodi
1077 1769 1221 1867 'prorsus
1238 1762 1298 1841 a'ut
1318 1768 1457 1846 incom-

153 1869 252 1942 modi
272 1868 375 1943 vobis
392 1870 497 1967 possit
515 1870 700 1960 accidere,
726 1868 821 1964 quod
840 1889 910 1964 ego
930 1868 1018 1938 milii
1037 1867 1223 1940 vobiscum
1243 1891 1315 1938 riori
1333 1870 1457 1943 existi·

153 1990 250 2040 mem
277 1967 345 2041 elle
363 1990 565 2040 commune.
609 1965 730 2061 Quam
749 1988 821 2037 rein
841 1986 915 2059 quo
935 1964 1048 2060 magis
1066 1988 1107 2036 ac
1126 1966 1239 2061 magis
1259 1989 1321 2037 vos
1341 1968 1377 2039 ὃ(
1396 1966 1457 2041 ad·
1521 1974 1527 1983 “

154 2077 302 2135 monere
321 2065 490 2160 cogor&
510 2062 667 2152 hortari,
691 2063 765 2133 imo
783 2086 845 2158 per
864 2063 982 2132 omnia
1000 2085 1064 2133 vos
1083 2059 1265 2134 obsecrate
1283 2062 1396 2156 sacra,
1417 2087 1457 2140 ut

152 2179 260 2248 quam
287 2162 440 2231 maxime
467 2157 612 2253 potestis
640 2177 779 2228 mature
805 2158 895 2228 detis
915 2179 1081 2253 operam,
1108 2178 1148 2228 ut
1164 2159 1373 2232 execrabilis
1394 2164 1458 2236 illa

153 2254 301 2327 Lutberi
324 2248 415 2326 seda
441 2273 666 2342 coerceatur,
693 2251 825 2345 absque
850 2253 951 2324 caede
969 2255 1176 2345 cujusquam
1200 2253 1319 2324 siheri
1341 2258 1458 2348 potest

153 2370 216 2435 aut
233 2347 421 2448 sanguine,
443 2347 515 2440 liri,
536 2347 577 2419 id¹
591 2371 663 2443 quo
683 2347 797 2418 minus
815 2344 938 2442 possit,
958 2350 1126 2442 pervicax
1138 2348 1280 2421 obsistat
1291 2354 1458 2452 audacia,

152 2455 302 2543 quoquo
330 2448 441 2519 modo
469 2447 680 2517 coerceatur
706 2464 846 2536 tamen,
880 2467 995 2540 neque
1016 2447 1255 2540 permittatis,
1280 2469 1320 2517 ut
1339 2450 1458 2548 leges,
1553 2528 1557 2535 ,

153 2543 400 2641 magistratus,
463 2543 638 2635 iincipes,
671 2539 905 2637 respublicae,
940 2542 1060 2613 divina
1084 2542 1236 2638 denique
1257 2563 1369 2641 atque
1388 2551 1455 2621 hu·

153 2662 257 2713 maria
283 2641 404 2712 omnia
431 2568 479 2711 bc
506 2637 696 2711 assuescant
715 2637 884 2735 paulatim
904 2636 1091 2729 vilescere,
1118 2640 1345 2736 conculcari,
1372 2668 1458 2739 pro·

153 2736 244 2830 teri,
278 2746 321 2809 ut
346 2733 642 2833 invalescentibus
661 2733 864 2828 improbis,
890 2733 1148 2809 mussitantibus
1167 2737 1290 2829 bonis,
1315 2763 1359 2811 eo
1377 2762 1457 2817 tan-

153 2834 235 2909 dem
264 2856 318 2908 rea
345 2833 550 2930 perveniat,
576 2851 618 2907 ut
637 2832 737 2915 alteri
755 2831 929 2930 perversae
948 2831 1115 2923 malitiae,
1142 2833 1241 2905 alteri
1261 2838 1458 2934 praepolle-

152 2955 203 3007 rae
231 2932 423 3028 patientiae¹
441 2931 563 3004 Deum
582 2929 770 3025 aliquando
787 2930 965 3001 vindicem
985 2951 1092 3026 atque
1109 2930 1264 3005 ultorem
1283 2930 1457 3029 habeant,

155 3029 215 3102 cui
235 3029 398 3127 periculo
418 3025 442 3100 fi
462 3025 577 3101 vestra
594 3049 763 3101 occurrat
780 3025 969 3116 industria,
997 3049 1132 3121 pacatae
1152 3032 1299 3121 patriae,
1320 3031 1460 3108 discussi

151 3126 371 3220 schismatis,
405 3123 579 3199 restitutae
606 3124 836 3215 concordire,
871 3126 1055 3221 religionis
1073 3127 1182 3197 cultae
1201 3150 1242 3197 ac
1260 3151 1458 3226 perpurga-

153 3234 224 3310 τε,
250 3220 401 3332 &apud
420 3220 582 3294 homines
599 3223 767 3294 eximiam
786 3220 925 3291 laudem
947 3225 983 3291 dt
1003 3223 1096 3315 apud
1111 3221 1254 3309 superos
1268 3225 1457 3300 immorta-

152 3314 222 3393 lem
242 3316 397 3412 glorram
415 3318 692 3415 consequemini.
781 3315 908 3388 Valcte
925 3314 1007 3387 Viri
1027 3312 1229 3390 Clarissimi.
1476 3346 1479 3355 ·

184 3497 343 3584 =Literas
361 3509 422 3584 has
440 3511 673 3611 obfignatuio
692 3508 778 3581 mihi
796 3509 896 3581 venit
914 3509 952 3580 in
969 3509 1201 3602 memoriam,
1219 3514 1408 3601 Lutbertrrrr
1420 3517 1458 3594 iri

153 3609 224 3682 suis
241 3604 405 3679 adversus
422 3631 479 3684 me
498 3611 608 3683 neniis
626 3605 791 3682 excusare
808 3605 864 3698 se,
873 3631 955 3774 quo
973 3607 1090 3680 minus
1108 3608 1149 3678 ad
1167 3608 1301 3703 reliqua
1314 3613 1458 3724 respon.

153 3705 235 3779 deat
254 3701 421 3797 impediri
441 3705 683 3778 transferendo
705 3703 836 3776 Biblio.
913 3702 998 3776 isum
1018 3704 1067 3776 est
1088 3707 1199 3802 igitur
1218 3708 1352 3780 hortari
1370 3735 1458 3807 vos,

152 3823 195 3914 qt
213 3801 374 3880 omnium
393 3823 510 3921 rerum
530 3806 685 3879 maxime
705 3798 944 3901 provideatis,
969 3802 1065 3877 aeid
1085 3805 1313 3901 permittatur
1329 3804 1459 3884 facere.

768 3895 854 3996 (λς
1203 3973 1209 3984 .
1355 3903 1460 3989 Naar
