3322 4456
755 232 890 327 (122)

222 356 327 456 Quid
351 357 514 433 enimad
539 379 606 430 ror
631 356 671 431 δι
696 355 1481 453 rampormratrinchridicoltumm

176 453 329 530 devoror
346 459 527 554 principer
543 476 606 526 aut
624 457 775 548 propius
789 453 946 549 spcflare
962 459 1103 550 potell,
1128 480 1192 529 ant
1206 460 1316 531 debet
1331 487 1481 536 morere

176 553 446 645 vehementius,
479 575 584 645 qnam
609 548 825 622 cobrbcndae
851 547 1014 622 fastionis
1038 552 1138 624 iilius
1166 555 1385 628 Lurbernnae
1403 560 1482 632 flu·

177 649 305 722 dium?
338 674 410 747 qna
431 650 567 722 nullam
588 670 744 741 unquam
762 650 800 717 in
817 668 927 718 terras
942 653 1191 722 nocentiorem
1209 655 1321 723 malus
1338 657 1485 729 invexit

207 750 329 836 eninr,
353 768 415 819 aut
432 769 513 841 quac
531 748 702 838 majorem
720 743 918 839 pernicicm
936 743 980 816 fir
997 745 1139 817 illatura
1155 752 1386 842 propediem,
1412 753 1486 825 nili

179 766 1486 1033 ll?dmmzffdlffildjlffilffmlns·

183 1037 248 1129 qni
265 1038 349 1108 viris
367 1036 490 1133 probis
507 1059 549 1106 ac
567 1033 803 1130 prudentibus
820 1029 925 1126 poffit
943 1035 1148 1128 imponere,
1165 1060 1227 1107 aut
1243 1063 1283 1108 ea
1299 1063 1382 1136 quae
1396 997 1488 1111 [cris

183 1130 264 1221 bit,
287 1133 461 1222 nesciam,
483 1130 551 1202 elle
568 1151 641 1202 tam
661 1131 790 1224 impia,
807 1151 849 1200 ut
864 1152 907 1200 ca
922 1130 1102 1203 bonorum
1120 1136 1282 1204 omnium
1302 1160 1403 1206 aures
1416 1161 1487 1208 ex·

183 1228 373 1320 horreant,
406 1227 464 1300 l'ed
490 1228 588 1321 quod
605 1226 711 1298 sciam
729 1247 909 1320 nunquam
926 1225 1129 1299 defuturam
1148 1231 1397 1326 improborum
1416 1236 1488 1305 ho·

180 1326 323 1397 minum
356 1325 583 1412 colluviem,
626 1324 756 1417 quibus
785 1320 1019 1418 inepriffimus
1040 1332 1190 1420 quisque
1214 1327 1407 1423 aptiffimus
1432 1328 1488 1404 est

184 1420 376 1518 magister,
409 1423 448 1495 dt
474 1441 516 1492 ur
540 1419 698 1516 quidque
722 1418 879 1491 maxime
895 1419 1051 1492 nascitur
1064 1421 1280 1517 absurdum,
1305 1429 1355 1499 ita
1370 1429 1486 1498 maxi·

184 1538 249 1588 mo
273 1539 468 1616 exceptum
497 1515 620 1612 plausu
643 1516 783 1589 summo
808 1513 926 1587 studio
951 1519 989 1591 dt
1015 1524 1250 1595 contentione
1268 1546 1487 1620 propagent.

186 1610 288 1686 Nam
313 1618 410 1712 quod
435 1613 617 1709 adipsum
643 1614 799 1709 pertinet
817 1613 1027 1705 Ludna,
1062 1617 1151 1687 olim
1169 1617 1262 1692 visua
1278 1620 1329 1692 est
1346 1644 1412 1691 nec
1429 1623 1492 1692 in-

185 1707 329 1804 doffla,
362 1735 429 1784 nee
454 1714 555 1783 malit
579 1710 785 1782 bominibus
809 1728 853 1781 ut
877 1710 991 1781 multa
1016 1733 1141 1804 parum
1162 1713 1275 1804 bene,
1310 1719 1358 1787 ira
1383 1738 1491 1808 quae-

185 1805 268 1919 dam
293 1830 365 1879 non
392 1810 542 1916 omnino
567 1806 658 1916 male
682 1804 849 1916 scribere,
888 1806 1025 1915 Verum
1050 1808 1101 1918 ita
1127 1807 1243 1878 llatim
1272 1812 1427 1904 profecit
1447 1814 1489 1884 in

186 1925 291 2072 llll&
299 1923 380 2072 ’235
396 1903 619 2090 lltiirllf
622 1926 632 1972 ¹
651 1900 838 2071 55,anss
839 1902 1175 2093 leilflllllff
1177 1906 1489 2098 qssslffsslll:

186 2095 319 2171 liorum
345 2096 584 2170 ostentatione
607 2097 700 2168 viam
726 2118 865 2194 pararet
882 2097 1065 2194 peioribus
1081 2099 1119 2172 ὃ(
1162 2101 1282 2173 raelito
1300 2101 1406 2173 melle
1423 2124 1490 2173 re-

187 2214 320 2268 nenum
339 2195 502 2270 redderet
518 2192 746 2269 vendibilius.
770 2194 894 2290 Quam
912 2219 986 2270 rem
1003 2196 1088 2269 succ
1134 2221 1216 2270 rone
1232 2220 1406 2297 perpetua
1422 2221 1491 2269 no·

189 2294 393 2368 centiorum
419 2293 556 2390 semper
579 2293 791 2393 dogmatum
816 2293 906 2367 adeo
929 2292 1091 2368 testatam
1116 2295 1296 2387 reddidit,
1321 2317 1363 2368 ut
1380 2293 1489 2368 hodic

190 2393 368 2503 neminem
386 2391 455 2504 else
471 2414 619 2487 usquam
638 2412 784 2487 putem,
803 2392 863 2462 cui
880 2390 1033 2502 scintilla
1049 2392 1123 2466 ulln
1138 2412 1277 2466 mancat
1293 2412 1355 2463 aur
1372 2392 1409 2461 in
1427 2413 1489 2499 eq·

191 2485 1496 2683 llini‘tllllllllssll‘zltfil‘illlifflflffssstlluissllli

191 2683 393 2780 disputare,
425 2683 554 2755 deinde
581 2679 703 2773 irasci,
729 2681 837 2776 paulo
863 2681 944 2777 post
962 2682 1127 2773 incendi,
1153 2686 1335 2780 postremo
1352 2683 1492 2767 furere,

189 2781 266 2874 jam
285 2782 382 2852 ineo
398 2778 543 2849 demum
563 2776 681 2866 libro,
705 2800 779 2867 quo
796 2777 1038 2848 debacchatur
1053 2778 1090 2845 in
1108 2800 1186 2866 me,
1204 2777 1309 2846 furias
1328 2774 1414 2865 ipsas
1433 2772 1492 2840 fu·

76 2924 83 2941 ,
191 2898 274 2947 rore
290 2899 332 2945 ac
351 2872 486 2946 vesania
502 2873 676 2966 superare.
710 2869 800 2964 Quo
820 2874 857 2940 in
873 2870 968 2941 libro
988 2869 1012 2939 fi
1031 2869 1118 2963 quid
1136 2868 1324 2964 scripsrffet
1342 2888 1490 2958 usquam

192 2969 291 3064 qnod
318 2991 390 3039 rem
416 2965 597 3037 videretur
612 2964 809 3056 attingere,
837 2964 861 3035 li
881 2963 967 3060 quid
984 2963 1133 3035 omnino
1150 2966 1279 3036 mentis
1297 2960 1491 3037 miscuillet

192 3064 381 3152 omentiae,
418 3059 442 3132 fi
469 3058 554 3154 quid
573 3079 645 3129 non
662 3056 849 3131 absurdum
867 3056 1007 3158 prorsus
1025 3055 1214 3133 effluxillet
1231 3061 1286 3152 ei,
1312 3060 1414 3154 quale
1432 3062 1492 3133 rel

192 3158 272 3233 casu
291 3158 380 3234 solet
397 3178 517 3232 mente
534 3155 642 3228 moris
658 3156 845 3249 excidere,
870 3179 1070 3254 quanquam
1090 3181 1163 3229 non
1180 3157 1373 3229 admodum
1383 3158 1494 3229 dcco·

190 3281 271 3333 rum
291 3279 438 3359 putem,
457 3258 506 3329 ita
522 3279 579 3328 rne
596 3277 824 3351 comparare,
842 3276 884 3329 ut
901 3278 985 3328 cum
1004 3255 1221 3328 hominetali
1233 3256 1379 3352 publice
1389 3278 1491 3328 eom·

192 3378 306 3454 ponar
323 3383 365 3430 ac
383 3356 585 3452 disputem,
612 3373 831 3426 tamencum
850 3377 911 3426 rex
931 3355 968 3426 bt
988 3355 1165 3451 propbeta
1181 3355 1300 3425 David
1320 3376 1392 3424 non
1411 3374 1494 3423 cen·

192 3454 262 3528 suit
286 3456 493 3528 indecorum
513 3471 594 3525 ante
610 3475 727 3525 arcam
746 3451 893 3523 foederis
908 3452 1044 3524 nudum
1065 3450 1186 3523 saltare
1204 3474 1287 3523 cum
1308 3447 1492 3546 quolibet,

193 3551 267 3651 ipse
291 3572 388 3625 certe
415 3575 488 3624 non
504 3573 598 3623 eram
617 3572 818 3646 quenquam
838 3548 1022 3621 habiturus
1042 3549 1253 3646 indignum,
1280 3568 1439 3644 quocum
1460 3545 1497 3616 in

192 3648 343 3749 gratiam
362 3648 544 3746 religionis
563 3673 629 3744 pro
640 3645 723 3720 fidei
735 3644 1103 3720 veritatediffererem.
1132 3647 1365 3736 Nuncvero,
1384 3665 1497 3739 quum

192 3747 284 3824 nibil
310 3746 353 3823 nd
379 3770 453 3821 rem
479 3745 711 3842 respondent,
737 3744 792 3818 sed
812 3744 991 3819 rationum
1011 3744 1095 3818 loco
1116 3743 1275 3841 proferat
1292 3765 1389 3816 mera
1406 3739 1498 3846 deli·

1426 3857 1500 3926 rra,
