<?xml version="1.0" encoding="UTF-8"?>
<!DOCTYPE html PUBLIC "-//W3C//DTD XHTML 1.0 Transitional//EN"
    "http://www.w3.org/TR/xhtml1/DTD/xhtml1-transitional.dtd">
<html xmlns="http://www.w3.org/1999/xhtml" xml:lang="en" lang="en">
 <head>
  <title>
</title>
<meta http-equiv="Content-Type" content="text/html;charset=utf-8" />
  <meta name='ocr-system' content='tesseract 3.04.00' />
  <meta name='ocr-capabilities' content='ocr_page ocr_carea ocr_par ocr_line ocrx_word'/>
</head>
<body>
  <div class='ocr_page' id='page_1' title='image "./introductioinhi02gerdgoog_0336.png"; bbox 0 0 3322 4456; ppageno 0'>
   <div class='ocr_carea' id='block_1_1' title="bbox 187 363 1490 475">
    <p class='ocr_par' dir='ltr' id='par_1_1' title="bbox 187 363 1490 475">
     <span class='ocr_line' id='line_1_1' title="bbox 187 363 1490 475; baseline -0.009 -20"><span class='ocrx_word' id='word_1_1' title='bbox 187 379 353 475; x_wconf 80' lang='lat' dir='ltr'>A.154t.</span> <span class='ocrx_word' id='word_1_2' title='bbox 517 363 1160 449; x_wconf 81' lang='lat' dir='ltr'>RENOVATI.</span> <span class='ocrx_word' id='word_1_3' title='bbox 1420 380 1490 464; x_wconf 82' lang='lat'>307</span> 
     </span>
    </p>
   </div>
   <div class='ocr_carea' id='block_1_2' title="bbox 111 489 1566 4011">
    <p class='ocr_par' dir='ltr' id='par_1_2' title="bbox 111 489 1566 2532">
     <span class='ocr_line' id='line_1_2' title="bbox 182 489 1492 598; baseline -0.01 -20"><span class='ocrx_word' id='word_1_4' title='bbox 182 525 240 577; x_wconf 84' lang='lat' dir='ltr'>car</span> <span class='ocrx_word' id='word_1_5' title='bbox 267 504 350 577; x_wconf 90' lang='lat' dir='ltr'>Deo</span> <span class='ocrx_word' id='word_1_6' title='bbox 377 495 507 598; x_wconf 82' lang='lat' dir='ltr'>gratias</span> <span class='ocrx_word' id='word_1_7' title='bbox 531 509 674 591; x_wconf 88' lang='lat' dir='ltr'>ageret,</span> <span class='ocrx_word' id='word_1_8' title='bbox 710 511 778 584; x_wconf 91' lang='lat' dir='ltr'>pro</span> <span class='ocrx_word' id='word_1_9' title='bbox 804 489 901 562; x_wconf 90' lang='lat' dir='ltr'>suavi</span> <span class='ocrx_word' id='word_1_10' title='bbox 928 513 970 563; x_wconf 90' lang='lat' dir='ltr'>ac</span> <span class='ocrx_word' id='word_1_11' title='bbox 994 490 1181 585; x_wconf 89' lang='lat' dir='ltr'>jucundo,</span> <span class='ocrx_word' id='word_1_12' title='bbox 1214 515 1288 591; x_wconf 90' lang='lat' dir='ltr'>quo</span> <span class='ocrx_word' id='word_1_13' title='bbox 1305 489 1492 568; x_wconf 79' lang='lat' dir='ltr'>fruebatur</span> 
     </span>
     <span class='ocr_line' id='line_1_3' title="bbox 180 585 1492 696; baseline -0.009 -22"><span class='ocrx_word' id='word_1_14' title='bbox 180 622 289 696; x_wconf 87' lang='lat' dir='ltr'>atque</span> <span class='ocrx_word' id='word_1_15' title='bbox 315 601 465 691; x_wconf 88' lang='lat' dir='ltr'>longum</span> <span class='ocrx_word' id='word_1_16' title='bbox 493 591 563 663; x_wconf 86' lang='lat' dir='ltr'>frui</span> <span class='ocrx_word' id='word_1_17' title='bbox 590 585 771 684; x_wconf 82' lang='lat' dir='ltr'><strong>sperabat,</strong></span> <span class='ocrx_word' id='word_1_18' title='bbox 805 589 1002 686; x_wconf 86' lang='lat' dir='ltr'>conjugio,</span> <span class='ocrx_word' id='word_1_19' title='bbox 1038 586 1094 660; x_wconf 87' lang='lat' dir='ltr'>sed</span> <span class='ocrx_word' id='word_1_20' title='bbox 1119 591 1179 681; x_wconf 67' lang='grc' dir='ltr'>δι,</span> <span class='ocrx_word' id='word_1_21' title='bbox 1211 592 1386 666; x_wconf 89' lang='lat' dir='ltr'>sacellano</span> <span class='ocrx_word' id='word_1_22' title='bbox 1403 591 1492 681; x_wconf 88' lang='lat' dir='ltr'>suo,</span> 
     </span>
     <span class='ocr_line' id='line_1_4' title="bbox 111 683 1492 784; baseline -0.011 -9"><span class='ocrx_word' id='word_1_23' title='bbox 111 766 118 775; x_wconf 88' lang='lat'><em>.</em></span> <span class='ocrx_word' id='word_1_24' title='bbox 182 718 223 769; x_wconf 92' lang='lat' dir='ltr'>ut</span> <span class='ocrx_word' id='word_1_25' title='bbox 243 700 336 768; x_wconf 88' lang='lat' dir='ltr'>idem</span> <span class='ocrx_word' id='word_1_26' title='bbox 357 692 510 780; x_wconf 87' lang='lat' dir='ltr'>faceret,</span> <span class='ocrx_word' id='word_1_27' title='bbox 536 687 753 784; x_wconf 83' lang='lat' dir='ltr'>injungeret.</span> <span class='ocrx_word' id='word_1_28' title='bbox 788 683 922 778; x_wconf 89' lang='lat' dir='ltr'>Neque</span> <span class='ocrx_word' id='word_1_29' title='bbox 941 707 1058 757; x_wconf 87' lang='lat' dir='ltr'>tamen</span> <span class='ocrx_word' id='word_1_30' title='bbox 1079 685 1113 756; x_wconf 92' lang='lat' dir='ltr'>id</span> <span class='ocrx_word' id='word_1_31' title='bbox 1132 687 1303 783; x_wconf 88' lang='lat' dir='ltr'>gaudium</span> <span class='ocrx_word' id='word_1_32' title='bbox 1322 688 1492 763; x_wconf 87' lang='lat' dir='ltr'>eratdiu·</span> 
     </span>
     <span class='ocr_line' id='line_1_5' title="bbox 181 783 1566 878; baseline -0.004 -15"><span class='ocrx_word' id='word_1_33' title='bbox 181 813 350 864; x_wconf 88' lang='lat' dir='ltr'>turnum:</span> <span class='ocrx_word' id='word_1_34' title='bbox 387 790 513 860; x_wconf 84' lang='lat' dir='ltr'>Paucis</span> <span class='ocrx_word' id='word_1_35' title='bbox 539 807 633 856; x_wconf 82' lang='lat' dir='ltr'>enim</span> <span class='ocrx_word' id='word_1_36' title='bbox 656 783 903 875; x_wconf 86' lang='lat' dir='ltr'>diebuspost,</span> <span class='ocrx_word' id='word_1_37' title='bbox 938 784 1092 877; x_wconf 88' lang='lat' dir='ltr'>capitale</span> <span class='ocrx_word' id='word_1_38' title='bbox 1110 785 1277 856; x_wconf 88' lang='lat' dir='ltr'>adulterii</span> <span class='ocrx_word' id='word_1_39' title='bbox 1296 788 1433 858; x_wconf 90' lang='lat' dir='ltr'>crimen</span> <span class='ocrx_word' id='word_1_40' title='bbox 1451 786 1491 857; x_wconf 88' lang='lat' dir='ltr'>iu</span> <span class='ocrx_word' id='word_1_41' title='bbox 1554 858 1566 878; x_wconf 68' lang='lat'><strong>‚</strong></span> 
     </span>
     <span class='ocr_line' id='line_1_6' title="bbox 182 880 1490 982; baseline -0.003 -25"><span class='ocrx_word' id='word_1_42' title='bbox 182 889 365 982; x_wconf 82' lang='lat' dir='ltr'>Reginam</span> <span class='ocrx_word' id='word_1_43' title='bbox 392 883 611 979; x_wconf 87' lang='lat' dir='ltr'>conjicitur,</span> <span class='ocrx_word' id='word_1_44' title='bbox 646 902 756 974; x_wconf 89' lang='lat' dir='ltr'>eaque</span> <span class='ocrx_word' id='word_1_45' title='bbox 784 880 958 952; x_wconf 89' lang='lat' dir='ltr'>variarum</span> <span class='ocrx_word' id='word_1_46' title='bbox 986 898 1066 951; x_wconf 89' lang='lat' dir='ltr'>ante</span> <span class='ocrx_word' id='word_1_47' title='bbox 1093 881 1361 953; x_wconf 84' lang='lat' dir='ltr'>matrimonium</span> <span class='ocrx_word' id='word_1_48' title='bbox 1387 902 1490 953; x_wconf 85' lang='lat' dir='ltr'>com·</span> 
     </span>
     <span class='ocr_line' id='line_1_7' title="bbox 184 976 1491 1073; baseline -0.005 -19"><span class='ocrx_word' id='word_1_49' title='bbox 184 984 362 1054; x_wconf 81' lang='lat' dir='ltr'>miliarum</span> <span class='ocrx_word' id='word_1_50' title='bbox 391 981 579 1051; x_wconf 81' lang='lat' dir='ltr'>libidinum</span> <span class='ocrx_word' id='word_1_51' title='bbox 599 999 655 1049; x_wconf 86' lang='lat' dir='ltr'>rea</span> <span class='ocrx_word' id='word_1_52' title='bbox 672 978 812 1072; x_wconf 89' lang='lat' dir='ltr'>agitur,</span> <span class='ocrx_word' id='word_1_53' title='bbox 839 997 945 1073; x_wconf 90' lang='lat' dir='ltr'>atque</span> <span class='ocrx_word' id='word_1_54' title='bbox 964 976 1043 1071; x_wconf 87' lang='lat' dir='ltr'>post</span> <span class='ocrx_word' id='word_1_55' title='bbox 1061 976 1328 1070; x_wconf 83' lang='lat' dir='ltr'>inquisitionem</span> <span class='ocrx_word' id='word_1_56' title='bbox 1349 976 1491 1049; x_wconf 88' lang='lat' dir='ltr'>institu-</span> 
     </span>
     <span class='ocr_line' id='line_1_8' title="bbox 184 1072 1493 1168; baseline -0.005 -18"><span class='ocrx_word' id='word_1_57' title='bbox 184 1099 255 1157; x_wconf 77' lang='lat' dir='ltr'>tam</span> <span class='ocrx_word' id='word_1_58' title='bbox 276 1102 396 1165; x_wconf 87' lang='lat' dir='ltr'>earum</span> <span class='ocrx_word' id='word_1_59' title='bbox 416 1077 667 1164; x_wconf 90' lang='lat' dir='ltr'>convincitur,</span> <span class='ocrx_word' id='word_1_60' title='bbox 700 1074 787 1147; x_wconf 88' lang='lat' dir='ltr'>dum</span> <span class='ocrx_word' id='word_1_61' title='bbox 807 1072 901 1168; x_wconf 91' lang='lat' dir='ltr'>ipsa,</span> <span class='ocrx_word' id='word_1_62' title='bbox 936 1077 1023 1146; x_wconf 83' lang='lat' dir='ltr'>vitae</span> <span class='ocrx_word' id='word_1_63' title='bbox 1041 1073 1229 1167; x_wconf 86' lang='lat' dir='ltr'>superioris</span> <span class='ocrx_word' id='word_1_64' title='bbox 1249 1072 1402 1147; x_wconf 91' lang='lat' dir='ltr'>ludibria</span> <span class='ocrx_word' id='word_1_65' title='bbox 1419 1094 1493 1145; x_wconf 85' lang='lat' dir='ltr'>noo</span> 
     </span>
     <span class='ocr_line' id='line_1_9' title="bbox 184 1168 1491 1264; baseline -0.004 -18"><span class='ocrx_word' id='word_1_66' title='bbox 184 1173 417 1264; x_wconf 87' lang='lat' dir='ltr'>diffiteretur,</span> <span class='ocrx_word' id='word_1_67' title='bbox 451 1174 663 1246; x_wconf 83' lang='lat' dir='ltr'>adulterium</span> <span class='ocrx_word' id='word_1_68' title='bbox 690 1191 808 1244; x_wconf 89' lang='lat' dir='ltr'>tamen</span> <span class='ocrx_word' id='word_1_69' title='bbox 831 1169 902 1244; x_wconf 75' lang='lat' dir='ltr'>ase</span> <span class='ocrx_word' id='word_1_70' title='bbox 918 1170 1145 1243; x_wconf 79' lang='lat' dir='ltr'>commissum</span> <span class='ocrx_word' id='word_1_71' title='bbox 1165 1170 1256 1263; x_wconf 82' lang='lat' dir='ltr'>elle,</span> <span class='ocrx_word' id='word_1_72' title='bbox 1288 1170 1391 1246; x_wconf 82' lang='lat' dir='ltr'>fateri</span> <span class='ocrx_word' id='word_1_73' title='bbox 1410 1168 1491 1242; x_wconf 89' lang='lat' dir='ltr'>nol·</span> 
     </span>
     <span class='ocr_line' id='line_1_10' title="bbox 183 1266 1494 1369; baseline -0.004 -25"><span class='ocrx_word' id='word_1_74' title='bbox 183 1272 244 1346; x_wconf 89' lang='lat' dir='ltr'>let.</span> <span class='ocrx_word' id='word_1_75' title='bbox 279 1271 427 1346; x_wconf 73' lang='lat' dir='ltr'>Faciam</span> <span class='ocrx_word' id='word_1_76' title='bbox 454 1270 659 1369; x_wconf 77' lang='lat' dir='ltr'>elligitur,</span> <span class='ocrx_word' id='word_1_77' title='bbox 696 1288 759 1359; x_wconf 92' lang='lat' dir='ltr'>ut,</span> <span class='ocrx_word' id='word_1_78' title='bbox 794 1266 933 1341; x_wconf 87' lang='lat' dir='ltr'>tametfi</span> <span class='ocrx_word' id='word_1_79' title='bbox 951 1266 1208 1341; x_wconf 80' lang='lat' dir='ltr'>acerbissimum</span> <span class='ocrx_word' id='word_1_80' title='bbox 1228 1268 1311 1343; x_wconf 89' lang='lat' dir='ltr'>inde</span> <span class='ocrx_word' id='word_1_81' title='bbox 1329 1266 1494 1340; x_wconf 86' lang='lat' dir='ltr'>dolorem</span> 
     </span>
     <span class='ocr_line' id='line_1_11' title="bbox 183 1364 1494 1465; baseline -0.005 -22"><span class='ocrx_word' id='word_1_82' title='bbox 183 1371 391 1465; x_wconf 87' lang='lat' dir='ltr'>conciperet</span> <span class='ocrx_word' id='word_1_83' title='bbox 418 1372 523 1458; x_wconf 81' lang='lat' dir='ltr'>Rex,</span> <span class='ocrx_word' id='word_1_84' title='bbox 555 1392 595 1441; x_wconf 92' lang='lat' dir='ltr'>ea</span> <span class='ocrx_word' id='word_1_85' title='bbox 621 1366 749 1462; x_wconf 90' lang='lat' dir='ltr'>populi</span> <span class='ocrx_word' id='word_1_86' title='bbox 777 1364 968 1461; x_wconf 88' lang='lat' dir='ltr'>Anglicani</span> <span class='ocrx_word' id='word_1_87' title='bbox 994 1368 1134 1462; x_wconf 86' lang='lat' dir='ltr'>judicio</span> <span class='ocrx_word' id='word_1_88' title='bbox 1153 1368 1315 1440; x_wconf 88' lang='lat' dir='ltr'>damnata</span> <span class='ocrx_word' id='word_1_89' title='bbox 1335 1365 1408 1461; x_wconf 89' lang='lat' dir='ltr'>(a),</span> <span class='ocrx_word' id='word_1_90' title='bbox 1433 1385 1494 1437; x_wconf 83' lang='lat' dir='ltr'>ca-</span> 
     </span>
     <span class='ocr_line' id='line_1_12' title="bbox 184 1464 1495 1565; baseline -0.002 -28"><span class='ocrx_word' id='word_1_91' title='bbox 184 1470 260 1562; x_wconf 87' lang='lat' dir='ltr'>pite</span> <span class='ocrx_word' id='word_1_92' title='bbox 286 1467 502 1565; x_wconf 71' lang='lat' dir='ltr'>plecieretur</span> <span class='ocrx_word' id='word_1_93' title='bbox 530 1465 588 1537; x_wconf 89' lang='lat' dir='ltr'>die</span> <span class='ocrx_word' id='word_1_94' title='bbox 609 1488 664 1537; x_wconf 83' lang='lat' dir='ltr'>rt.</span> <span class='ocrx_word' id='word_1_95' title='bbox 682 1464 878 1537; x_wconf 84' lang='lat' dir='ltr'>Februarii.</span> <span class='ocrx_word' id='word_1_96' title='bbox 901 1486 1006 1558; x_wconf 86' lang='lat'>¹542·</span> <span class='ocrx_word' id='word_1_97' title='bbox 1033 1468 1068 1535; x_wconf 91' lang='lat' dir='ltr'>in</span> <span class='ocrx_word' id='word_1_98' title='bbox 1087 1487 1208 1559; x_wconf 86' lang='lat' dir='ltr'>poenae</span> <span class='ocrx_word' id='word_1_99' title='bbox 1226 1465 1389 1558; x_wconf 83' lang='lat' dir='ltr'>capitalis</span> <span class='ocrx_word' id='word_1_100' title='bbox 1406 1484 1495 1535; x_wconf 89' lang='lat' dir='ltr'>con·</span> 
     </span>
     <span class='ocr_line' id='line_1_13' title="bbox 180 1559 1494 1659; baseline -0.004 -22"><span class='ocrx_word' id='word_1_101' title='bbox 180 1562 330 1637; x_wconf 87' lang='lat' dir='ltr'>sortium</span> <span class='ocrx_word' id='word_1_102' title='bbox 350 1563 469 1638; x_wconf 74' lang='lat' dir='ltr'>trabiis</span> <span class='ocrx_word' id='word_1_103' title='bbox 487 1565 547 1659; x_wconf 91' lang='lat' dir='ltr'>qui</span> <span class='ocrx_word' id='word_1_104' title='bbox 567 1563 704 1635; x_wconf 84' lang='lat' dir='ltr'>sceleris</span> <span class='ocrx_word' id='word_1_105' title='bbox 723 1559 861 1634; x_wconf 87' lang='lat' dir='ltr'>fuerant</span> <span class='ocrx_word' id='word_1_106' title='bbox 879 1559 1081 1651; x_wconf 89' lang='lat' dir='ltr'>consortes,</span> <span class='ocrx_word' id='word_1_107' title='bbox 1102 1563 1189 1657; x_wconf 90' lang='lat' dir='ltr'>quin</span> <span class='ocrx_word' id='word_1_108' title='bbox 1208 1559 1284 1633; x_wconf 84' lang='lat' dir='ltr'>imi&gt;</span> <span class='ocrx_word' id='word_1_109' title='bbox 1301 1563 1407 1634; x_wconf 89' lang='lat' dir='ltr'>etiam</span> <span class='ocrx_word' id='word_1_110' title='bbox 1426 1559 1494 1653; x_wconf 87' lang='lat' dir='ltr'>iis,</span> 
     </span>
     <span class='ocr_line' id='line_1_14' title="bbox 182 1655 1495 1756; baseline -0.003 -21"><span class='ocrx_word' id='word_1_111' title='bbox 182 1663 243 1756; x_wconf 90' lang='lat' dir='ltr'>qui</span> <span class='ocrx_word' id='word_1_112' title='bbox 281 1658 400 1743; x_wconf 88' lang='lat' dir='ltr'>saltem</span> <span class='ocrx_word' id='word_1_113' title='bbox 438 1661 572 1735; x_wconf 87' lang='lat' dir='ltr'>conscii</span> <span class='ocrx_word' id='word_1_114' title='bbox 605 1659 742 1732; x_wconf 87' lang='lat' dir='ltr'>fuerant</span> <span class='ocrx_word' id='word_1_115' title='bbox 769 1660 867 1753; x_wconf 88' lang='lat' dir='ltr'>quod</span> <span class='ocrx_word' id='word_1_116' title='bbox 896 1678 1035 1730; x_wconf 88' lang='lat' dir='ltr'>tantum</span> <span class='ocrx_word' id='word_1_117' title='bbox 1063 1662 1198 1732; x_wconf 87' lang='lat' dir='ltr'>crimen</span> <span class='ocrx_word' id='word_1_118' title='bbox 1226 1659 1289 1731; x_wconf 91' lang='lat' dir='ltr'>diu</span> <span class='ocrx_word' id='word_1_119' title='bbox 1316 1655 1495 1732; x_wconf 75' lang='lat' dir='ltr'>celassent.</span> 
     </span>
     <span class='ocr_line' id='line_1_15' title="bbox 180 1752 1495 1857; baseline -0.005 -24"><span class='ocrx_word' id='word_1_120' title='bbox 180 1759 267 1833; x_wconf 91' lang='lat' dir='ltr'>Fuit</span> <span class='ocrx_word' id='word_1_121' title='bbox 294 1781 411 1833; x_wconf 87' lang='lat' dir='ltr'>autem</span> <span class='ocrx_word' id='word_1_122' title='bbox 439 1782 516 1857; x_wconf 77' lang='lat' dir='ltr'>prae</span> <span class='ocrx_word' id='word_1_123' title='bbox 542 1755 689 1853; x_wconf 88' lang='lat' dir='ltr'>reliquis</span> <span class='ocrx_word' id='word_1_124' title='bbox 709 1755 830 1830; x_wconf 87' lang='lat' dir='ltr'>eadem</span> <span class='ocrx_word' id='word_1_125' title='bbox 853 1756 911 1828; x_wconf 87' lang='lat' dir='ltr'>illa</span> <span class='ocrx_word' id='word_1_126' title='bbox 932 1757 1094 1830; x_wconf 89' lang='lat' dir='ltr'>Domina</span> <span class='ocrx_word' id='word_1_127' title='bbox 1112 1757 1303 1849; x_wconf 86' lang='lat' dir='ltr'>Rochfard,</span> <span class='ocrx_word' id='word_1_128' title='bbox 1338 1752 1495 1855; x_wconf 84' lang='lat' dir='ltr'>peffirure</span> 
     </span>
     <span class='ocr_line' id='line_1_16' title="bbox 181 1848 1496 1953; baseline -0.002 -24"><span class='ocrx_word' id='word_1_129' title='bbox 181 1855 312 1938; x_wconf 79' lang='lat' dir='ltr'>indolis</span> <span class='ocrx_word' id='word_1_130' title='bbox 329 1857 478 1947; x_wconf 88' lang='lat' dir='ltr'>mulier,</span> <span class='ocrx_word' id='word_1_131' title='bbox 504 1878 680 1953; x_wconf 90' lang='lat' dir='ltr'>quaeque,</span> <span class='ocrx_word' id='word_1_132' title='bbox 707 1855 760 1928; x_wconf 88' lang='lat' dir='ltr'>uti</span> <span class='ocrx_word' id='word_1_133' title='bbox 781 1877 935 1950; x_wconf 87' lang='lat' dir='ltr'>quatuor</span> <span class='ocrx_word' id='word_1_134' title='bbox 952 1856 1090 1927; x_wconf 88' lang='lat' dir='ltr'>ultimis</span> <span class='ocrx_word' id='word_1_135' title='bbox 1107 1854 1240 1950; x_wconf 84' lang='lat' dir='ltr'>reginis</span> <span class='ocrx_word' id='word_1_136' title='bbox 1257 1853 1371 1927; x_wconf 86' lang='lat' dir='ltr'>suerat</span> <span class='ocrx_word' id='word_1_137' title='bbox 1390 1848 1412 1925; x_wconf 69' lang='lat' dir='ltr'>a</span> <span class='ocrx_word' id='word_1_138' title='bbox 1429 1874 1496 1926; x_wconf 89' lang='lat' dir='ltr'>cu·</span> 
     </span>
     <span class='ocr_line' id='line_1_17' title="bbox 181 1949 1496 2047; baseline -0.005 -20"><span class='ocrx_word' id='word_1_139' title='bbox 181 1954 334 2047; x_wconf 88' lang='lat' dir='ltr'>biculis,</span> <span class='ocrx_word' id='word_1_140' title='bbox 355 1958 404 2028; x_wconf 90' lang='lat' dir='ltr'>ita</span> <span class='ocrx_word' id='word_1_141' title='bbox 422 1976 505 2028; x_wconf 88' lang='lat' dir='ltr'>ante</span> <span class='ocrx_word' id='word_1_142' title='bbox 523 1953 727 2026; x_wconf 86' lang='lat' dir='ltr'>sexennium</span> <span class='ocrx_word' id='word_1_143' title='bbox 748 1949 834 2025; x_wconf 87' lang='lat' dir='ltr'>salso</span> <span class='ocrx_word' id='word_1_144' title='bbox 852 1954 1022 2044; x_wconf 88' lang='lat' dir='ltr'>crimine,</span> <span class='ocrx_word' id='word_1_145' title='bbox 1043 1975 1125 2025; x_wconf 90' lang='lat' dir='ltr'>cum</span> <span class='ocrx_word' id='word_1_146' title='bbox 1140 1957 1278 2024; x_wconf 74' lang='lat' dir='ltr'>Annam</span> <span class='ocrx_word' id='word_1_147' title='bbox 1292 1951 1496 2044; x_wconf 82' lang='lat' dir='ltr'>Bolenirm‚</span> 
     </span>
     <span class='ocr_line' id='line_1_18' title="bbox 181 2046 1496 2147; baseline -0.002 -22"><span class='ocrx_word' id='word_1_148' title='bbox 181 2069 262 2125; x_wconf 92' lang='lat' dir='ltr'>tum</span> <span class='ocrx_word' id='word_1_149' title='bbox 282 2055 470 2147; x_wconf 90' lang='lat' dir='ltr'>proprium</span> <span class='ocrx_word' id='word_1_150' title='bbox 488 2049 587 2123; x_wconf 89' lang='lat' dir='ltr'>suum</span> <span class='ocrx_word' id='word_1_151' title='bbox 607 2052 800 2141; x_wconf 89' lang='lat' dir='ltr'>maritum,</span> <span class='ocrx_word' id='word_1_152' title='bbox 827 2054 943 2122; x_wconf 80' lang='lat' dir='ltr'>Anna:</span> <span class='ocrx_word' id='word_1_153' title='bbox 959 2050 1128 2140; x_wconf 87' lang='lat' dir='ltr'>fratrem,</span> <span class='ocrx_word' id='word_1_154' title='bbox 1154 2070 1385 2144; x_wconf 85' lang='lat' dir='ltr'>gravaverat,</span> <span class='ocrx_word' id='word_1_155' title='bbox 1411 2046 1496 2122; x_wconf 88' lang='lat' dir='ltr'>illo·</span> 
     </span>
     <span class='ocr_line' id='line_1_19' title="bbox 181 2144 1499 2242; baseline 0.004 -26"><span class='ocrx_word' id='word_1_156' title='bbox 181 2169 334 2238; x_wconf 90' lang='lat' dir='ltr'>rumque</span> <span class='ocrx_word' id='word_1_157' title='bbox 359 2148 511 2218; x_wconf 87' lang='lat' dir='ltr'>exitium</span> <span class='ocrx_word' id='word_1_158' title='bbox 541 2166 796 2237; x_wconf 85' lang='lat' dir='ltr'>promoverat,</span> <span class='ocrx_word' id='word_1_159' title='bbox 829 2166 908 2217; x_wconf 92' lang='lat' dir='ltr'>tum</span> <span class='ocrx_word' id='word_1_160' title='bbox 932 2169 1078 2241; x_wconf 88' lang='lat' dir='ltr'>quoque</span> <span class='ocrx_word' id='word_1_161' title='bbox 1098 2148 1218 2239; x_wconf 89' lang='lat' dir='ltr'>capite</span> <span class='ocrx_word' id='word_1_162' title='bbox 1236 2147 1362 2239; x_wconf 85' lang='lat' dir='ltr'>plexa,</span> <span class='ocrx_word' id='word_1_163' title='bbox 1396 2144 1499 2242; x_wconf 83' lang='lat' dir='ltr'>quod</span> 
     </span>
     <span class='ocr_line' id='line_1_20' title="bbox 181 2234 1498 2341; baseline -0.002 -29"><span class='ocrx_word' id='word_1_164' title='bbox 181 2262 255 2313; x_wconf 89' lang='lat' dir='ltr'>non</span> <span class='ocrx_word' id='word_1_165' title='bbox 273 2239 414 2312; x_wconf 90' lang='lat' dir='ltr'>conscia</span> <span class='ocrx_word' id='word_1_166' title='bbox 430 2234 547 2312; x_wconf 81' lang='lat' dir='ltr'>solirm</span> <span class='ocrx_word' id='word_1_167' title='bbox 565 2237 703 2312; x_wconf 86' lang='lat' dir='ltr'>sceleris</span> <span class='ocrx_word' id='word_1_168' title='bbox 721 2235 862 2330; x_wconf 81' lang='lat' dir='ltr'>fuisset,</span> <span class='ocrx_word' id='word_1_169' title='bbox 881 2239 937 2313; x_wconf 91' lang='lat' dir='ltr'>sed</span> <span class='ocrx_word' id='word_1_170' title='bbox 951 2241 1158 2313; x_wconf 86' lang='lat' dir='ltr'>administra</span> <span class='ocrx_word' id='word_1_171' title='bbox 1177 2264 1343 2341; x_wconf 77' lang='lat' dir='ltr'>qunque3</span> <span class='ocrx_word' id='word_1_172' title='bbox 1371 2242 1498 2339; x_wconf 84' lang='lat' dir='ltr'>Quip-</span> 
     </span>
     <span class='ocr_line' id='line_1_21' title="bbox 181 2331 1496 2435; baseline 0 -23"><span class='ocrx_word' id='word_1_173' title='bbox 181 2361 228 2435; x_wconf 89' lang='lat' dir='ltr'>pe</span> <span class='ocrx_word' id='word_1_174' title='bbox 246 2360 352 2427; x_wconf 88' lang='lat' dir='ltr'>cum,</span> <span class='ocrx_word' id='word_1_175' title='bbox 386 2336 430 2409; x_wconf 76' lang='lat' dir='ltr'>eal</span> <span class='ocrx_word' id='word_1_176' title='bbox 449 2331 648 2427; x_wconf 87' lang='lat' dir='ltr'>mediante,</span> <span class='ocrx_word' id='word_1_177' title='bbox 683 2337 881 2430; x_wconf 80' lang='lat' dir='ltr'>Culpaperus</span> <span class='ocrx_word' id='word_1_178' title='bbox 898 2337 1066 2432; x_wconf 90' lang='lat' dir='ltr'>quidam,</span> <span class='ocrx_word' id='word_1_179' title='bbox 1099 2335 1293 2411; x_wconf 73' lang='lat' dir='ltr'>nociurnos</span> <span class='ocrx_word' id='word_1_180' title='bbox 1311 2362 1397 2412; x_wconf 89' lang='lat' dir='ltr'>cum</span> <span class='ocrx_word' id='word_1_181' title='bbox 1417 2342 1496 2412; x_wconf 87' lang='lat' dir='ltr'>Re·</span> 
     </span>
     <span class='ocr_line' id='line_1_22' title="bbox 182 2429 1474 2532; baseline 0.001 -25"><span class='ocrx_word' id='word_1_182' title='bbox 182 2436 290 2532; x_wconf 82' lang='lat' dir='ltr'>gina,</span> <span class='ocrx_word' id='word_1_183' title='bbox 314 2435 400 2507; x_wconf 90' lang='lat' dir='ltr'>dum</span> <span class='ocrx_word' id='word_1_184' title='bbox 421 2435 507 2507; x_wconf 88' lang='lat' dir='ltr'>Rex</span> <span class='ocrx_word' id='word_1_185' title='bbox 523 2429 730 2505; x_wconf 85' lang='lat' dir='ltr'>Lincolniae</span> <span class='ocrx_word' id='word_1_186' title='bbox 748 2433 1063 2526; x_wconf 86' lang='lat' dir='ltr'>commorabatur,</span> <span class='ocrx_word' id='word_1_187' title='bbox 1088 2431 1300 2507; x_wconf 84' lang='lat' dir='ltr'>exercuisset</span> <span class='ocrx_word' id='word_1_188' title='bbox 1319 2456 1474 2508; x_wconf 76' lang='lat' dir='ltr'>amores.</span> 
     </span>
    </p>

    <p class='ocr_par' dir='ltr' id='par_1_3' title="bbox 180 2528 1501 3504">
     <span class='ocr_line' id='line_1_23' title="bbox 231 2528 1473 2630; baseline 0 -27"><span class='ocrx_word' id='word_1_189' title='bbox 231 2531 296 2604; x_wconf 89' lang='lat' dir='ltr'>Est</span> <span class='ocrx_word' id='word_1_190' title='bbox 323 2529 410 2603; x_wconf 78' lang='lat' dir='ltr'>verri</span> <span class='ocrx_word' id='word_1_191' title='bbox 435 2529 619 2627; x_wconf 78' lang='lat' dir='ltr'>singularis</span> <span class='ocrx_word' id='word_1_192' title='bbox 639 2531 711 2604; x_wconf 92' lang='lat' dir='ltr'>Dei</span> <span class='ocrx_word' id='word_1_193' title='bbox 730 2528 956 2628; x_wconf 89' lang='lat' dir='ltr'>agnoscenda</span> <span class='ocrx_word' id='word_1_194' title='bbox 974 2529 1222 2630; x_wconf 89' lang='lat' dir='ltr'>providentia,</span> <span class='ocrx_word' id='word_1_195' title='bbox 1249 2531 1322 2627; x_wconf 83' lang='lat' dir='ltr'>qua</span> <span class='ocrx_word' id='word_1_196' title='bbox 1340 2528 1473 2603; x_wconf 65' lang='lat' dir='ltr'>biblum</span> 
     </span>
     <span class='ocr_line' id='line_1_24' title="bbox 181 2582 1499 2727; baseline 0.001 -25"><span class='ocrx_word' id='word_1_197' title='bbox 181 2647 246 2719; x_wconf 92' lang='lat' dir='ltr'>ut,</span> <span class='ocrx_word' id='word_1_198' title='bbox 270 2651 353 2725; x_wconf 83' lang='lat' dir='ltr'>quae</span> <span class='ocrx_word' id='word_1_199' title='bbox 371 2651 426 2701; x_wconf 86' lang='lat' dir='ltr'>res</span> <span class='ocrx_word' id='word_1_200' title='bbox 442 2628 642 2702; x_wconf 88' lang='lat' dir='ltr'>Cranmero</span> <span class='ocrx_word' id='word_1_201' title='bbox 661 2626 948 2727; x_wconf 81' lang='lat' dir='ltr'>Archiepiscopo</span> <span class='ocrx_word' id='word_1_202' title='bbox 966 2626 1203 2725; x_wconf 84' lang='lat' dir='ltr'>capitaliselle</span> <span class='ocrx_word' id='word_1_203' title='bbox 1218 2626 1411 2726; x_wconf 67' lang='lat' dir='ltr'>potasset,</span> <span class='ocrx_word' id='word_1_204' title='bbox 1430 2582 1499 2726; x_wconf 61' lang='lat' dir='ltr'>ipsi</span> 
     </span>
     <span class='ocr_line' id='line_1_25' title="bbox 181 2722 1497 2896; baseline 0 -97"><span class='ocrx_word' id='word_1_205' title='bbox 181 2743 301 2800; x_wconf 87' lang='lat' dir='ltr'>tamen</span> <span class='ocrx_word' id='word_1_206' title='bbox 319 2724 486 2823; x_wconf 87' lang='lat' dir='ltr'>prospere</span> <span class='ocrx_word' id='word_1_207' title='bbox 503 2725 659 2799; x_wconf 90' lang='lat' dir='ltr'>cederet.</span> <span class='ocrx_word' id='word_1_208' title='bbox 685 2727 773 2800; x_wconf 89' lang='lat' dir='ltr'>Erat</span> <span class='ocrx_word' id='word_1_209' title='bbox 791 2728 885 2801; x_wconf 90' lang='lat' dir='ltr'>enim</span> <span class='ocrx_word' id='word_1_210' title='bbox 904 2750 943 2799; x_wconf 87' lang='lat' dir='ltr'>ea</span> <span class='ocrx_word' id='word_1_211' title='bbox 961 2722 1121 2825; x_wconf 82' lang='lat' dir='ltr'>primiim</span> <span class='ocrx_word' id='word_1_212' title='bbox 1139 2725 1497 2896; x_wconf 86' lang='lat' dir='ltr'>ipsrdenunciata(b)</span> 
     </span>
     <span class='ocr_line' id='line_1_26' title="bbox 180 2823 1500 2922; baseline 0.002 -25"><span class='ocrx_word' id='word_1_213' title='bbox 180 2842 217 2897; x_wconf 85' lang='lat' dir='ltr'>at</span> <span class='ocrx_word' id='word_1_214' title='bbox 244 2847 289 2898; x_wconf 89' lang='lat' dir='ltr'>ue</span> <span class='ocrx_word' id='word_1_215' title='bbox 307 2845 371 2921; x_wconf 91' lang='lat' dir='ltr'>per</span> <span class='ocrx_word' id='word_1_216' title='bbox 385 2846 470 2896; x_wconf 87' lang='lat' dir='ltr'>eum</span> <span class='ocrx_word' id='word_1_217' title='bbox 487 2823 531 2897; x_wconf 85' lang='lat' dir='ltr'>ad</span> <span class='ocrx_word' id='word_1_218' title='bbox 548 2825 694 2919; x_wconf 88' lang='lat' dir='ltr'>Regem</span> <span class='ocrx_word' id='word_1_219' title='bbox 713 2823 850 2921; x_wconf 86' lang='lat' dir='ltr'>scripto</span> <span class='ocrx_word' id='word_1_220' title='bbox 869 2823 998 2898; x_wconf 89' lang='lat' dir='ltr'>relata:</span> <span class='ocrx_word' id='word_1_221' title='bbox 1032 2824 1146 2915; x_wconf 90' lang='lat' dir='ltr'>Quod</span> <span class='ocrx_word' id='word_1_222' title='bbox 1162 2849 1174 2897; x_wconf 86' lang='grc' dir='ltr'>ι</span> <span class='ocrx_word' id='word_1_223' title='bbox 1195 2825 1308 2922; x_wconf 87' lang='lat' dir='ltr'>igitur</span> <span class='ocrx_word' id='word_1_224' title='bbox 1326 2825 1422 2899; x_wconf 83' lang='lat' dir='ltr'>haud</span> <span class='ocrx_word' id='word_1_225' title='bbox 1440 2824 1500 2899; x_wconf 90' lang='lat' dir='ltr'>lu·</span> 
     </span>
     <span class='ocr_line' id='line_1_27' title="bbox 180 2847 1501 3021; baseline 0.002 -24"><span class='ocrx_word' id='word_1_226' title='bbox 180 2847 335 2997; x_wconf 52' lang='lat' dir='ltr'>cubaria</span> <span class='ocrx_word' id='word_1_227' title='bbox 358 2918 396 2996; x_wconf 89' lang='lat'>&amp;</span> <span class='ocrx_word' id='word_1_228' title='bbox 414 2920 514 2994; x_wconf 88' lang='lat' dir='ltr'>omni</span> <span class='ocrx_word' id='word_1_229' title='bbox 532 2923 750 3017; x_wconf 81' lang='lat' dir='ltr'>exceptione</span> <span class='ocrx_word' id='word_1_230' title='bbox 767 2923 964 3021; x_wconf 88' lang='lat' dir='ltr'>majoribus</span> <span class='ocrx_word' id='word_1_231' title='bbox 982 2920 1147 3015; x_wconf 87' lang='lat' dir='ltr'>indiciis,</span> <span class='ocrx_word' id='word_1_232' title='bbox 1166 2924 1312 3020; x_wconf 84' lang='lat' dir='ltr'>Regina</span> <span class='ocrx_word' id='word_1_233' title='bbox 1327 2920 1501 3020; x_wconf 84' lang='lat' dir='ltr'>potuisset</span> 
     </span>
     <span class='ocr_line' id='line_1_28' title="bbox 181 3017 1499 3117; baseline 0.002 -23"><span class='ocrx_word' id='word_1_234' title='bbox 181 3018 379 3115; x_wconf 87' lang='lat' dir='ltr'>convinci,</span> <span class='ocrx_word' id='word_1_235' title='bbox 411 3017 519 3093; x_wconf 86' lang='lat' dir='ltr'>facile</span> <span class='ocrx_word' id='word_1_236' title='bbox 544 3018 735 3116; x_wconf 90' lang='lat' dir='ltr'>colligitur</span> <span class='ocrx_word' id='word_1_237' title='bbox 757 3021 795 3094; x_wconf 88' lang='lat' dir='ltr'>in</span> <span class='ocrx_word' id='word_1_238' title='bbox 821 3041 956 3117; x_wconf 91' lang='lat' dir='ltr'>quanto</span> <span class='ocrx_word' id='word_1_239' title='bbox 974 3019 1139 3116; x_wconf 88' lang='lat' dir='ltr'>periculo</span> <span class='ocrx_word' id='word_1_240' title='bbox 1157 3021 1372 3095; x_wconf 89' lang='lat' dir='ltr'>Cranmerus</span> <span class='ocrx_word' id='word_1_241' title='bbox 1390 3019 1499 3096; x_wconf 81' lang='lat' dir='ltr'>esset:</span> 
     </span>
     <span class='ocr_line' id='line_1_29' title="bbox 182 3114 1499 3217; baseline 0.004 -28"><span class='ocrx_word' id='word_1_242' title='bbox 182 3118 235 3189; x_wconf 84' lang='lat' dir='ltr'>At</span> <span class='ocrx_word' id='word_1_243' title='bbox 251 3114 365 3207; x_wconf 80' lang='lat' dir='ltr'>verb,</span> <span class='ocrx_word' id='word_1_244' title='bbox 383 3139 480 3190; x_wconf 91' lang='lat' dir='ltr'>nunc</span> <span class='ocrx_word' id='word_1_245' title='bbox 497 3115 605 3190; x_wconf 89' lang='lat' dir='ltr'>etiam</span> <span class='ocrx_word' id='word_1_246' title='bbox 622 3119 699 3213; x_wconf 87' lang='lat' dir='ltr'>ejus</span> <span class='ocrx_word' id='word_1_247' title='bbox 717 3117 811 3214; x_wconf 89' lang='lat' dir='ltr'>apud</span> <span class='ocrx_word' id='word_1_248' title='bbox 831 3119 975 3217; x_wconf 88' lang='lat' dir='ltr'>Regem</span> <span class='ocrx_word' id='word_1_249' title='bbox 994 3142 1079 3192; x_wconf 90' lang='lat' dir='ltr'>cum</span> <span class='ocrx_word' id='word_1_250' title='bbox 1099 3115 1186 3191; x_wconf 87' lang='lat' dir='ltr'>fides</span> <span class='ocrx_word' id='word_1_251' title='bbox 1205 3140 1282 3190; x_wconf 89' lang='lat' dir='ltr'>tum</span> <span class='ocrx_word' id='word_1_252' title='bbox 1303 3116 1499 3194; x_wconf 68' lang='lat' dir='ltr'>austeriter</span> 
     </span>
     <span class='ocr_line' id='line_1_30' title="bbox 182 3211 1500 3309; baseline -0.001 -21"><span class='ocrx_word' id='word_1_253' title='bbox 182 3211 286 3288; x_wconf 83' lang='lat' dir='ltr'>tantb</span> <span class='ocrx_word' id='word_1_254' title='bbox 312 3211 493 3287; x_wconf 88' lang='lat' dir='ltr'>crescebat</span> <span class='ocrx_word' id='word_1_255' title='bbox 520 3212 653 3308; x_wconf 82' lang='lat' dir='ltr'>magia,</span> <span class='ocrx_word' id='word_1_256' title='bbox 686 3212 823 3309; x_wconf 83' lang='lat' dir='ltr'>quantb</span> <span class='ocrx_word' id='word_1_257' title='bbox 852 3215 1034 3290; x_wconf 83' lang='lat' dir='ltr'>molestius</span> <span class='ocrx_word' id='word_1_258' title='bbox 1060 3213 1099 3287; x_wconf 91' lang='lat' dir='ltr'>id</span> <span class='ocrx_word' id='word_1_259' title='bbox 1127 3214 1263 3288; x_wconf 85' lang='lat' dir='ltr'>ferrent</span> <span class='ocrx_word' id='word_1_260' title='bbox 1287 3212 1500 3309; x_wconf 84' lang='lat' dir='ltr'>Pontificii,</span> 
     </span>
     <span class='ocr_line' id='line_1_31' title="bbox 182 3309 1500 3481; baseline 0.004 -99"><span class='ocrx_word' id='word_1_261' title='bbox 182 3311 248 3481; x_wconf 73' lang='lat' dir='ltr'>gui</span> <span class='ocrx_word' id='word_1_262' title='bbox 277 3309 439 3406; x_wconf 81' lang='lat' dir='ltr'>alioquin</span> <span class='ocrx_word' id='word_1_263' title='bbox 459 3312 498 3383; x_wconf 91' lang='lat' dir='ltr'>in</span> <span class='ocrx_word' id='word_1_264' title='bbox 514 3310 672 3409; x_wconf 86' lang='lat' dir='ltr'>Reginae</span> <span class='ocrx_word' id='word_1_265' title='bbox 694 3310 760 3383; x_wconf 85' lang='lat' dir='ltr'>fibi</span> <span class='ocrx_word' id='word_1_266' title='bbox 779 3311 930 3385; x_wconf 85' lang='lat' dir='ltr'>faventis</span> <span class='ocrx_word' id='word_1_267' title='bbox 949 3312 1201 3387; x_wconf 85' lang='lat' dir='ltr'>incolumitate</span> <span class='ocrx_word' id='word_1_268' title='bbox 1217 3334 1363 3387; x_wconf 87' lang='lat' dir='ltr'>omnem</span> <span class='ocrx_word' id='word_1_269' title='bbox 1383 3332 1500 3412; x_wconf 81' lang='lat' dir='ltr'>prope</span> 
     </span>
     <span class='ocr_line' id='line_1_32' title="bbox 199 3406 982 3504; baseline 0 -21"><span class='ocrx_word' id='word_1_270' title='bbox 199 3426 411 3483; x_wconf 89' lang='lat' dir='ltr'>ortunarum</span> <span class='ocrx_word' id='word_1_271' title='bbox 429 3406 568 3482; x_wconf 88' lang='lat' dir='ltr'>suarum</span> <span class='ocrx_word' id='word_1_272' title='bbox 587 3408 685 3504; x_wconf 87' lang='lat' dir='ltr'>spem</span> <span class='ocrx_word' id='word_1_273' title='bbox 702 3407 982 3484; x_wconf 89' lang='lat' dir='ltr'>collocaverant.</span> 
     </span>
    </p>

    <p class='ocr_par' dir='ltr' id='par_1_4' title="bbox 185 3500 1499 3707">
     <span class='ocr_line' id='line_1_33' title="bbox 230 3500 1499 3604; baseline 0.005 -26"><span class='ocrx_word' id='word_1_274' title='bbox 230 3505 308 3580; x_wconf 87' lang='lat' dir='ltr'>Sub</span> <span class='ocrx_word' id='word_1_275' title='bbox 336 3507 432 3579; x_wconf 91' lang='lat' dir='ltr'>idem</span> <span class='ocrx_word' id='word_1_276' title='bbox 461 3526 604 3604; x_wconf 87' lang='lat' dir='ltr'>tempus</span> <span class='ocrx_word' id='word_1_277' title='bbox 630 3530 737 3580; x_wconf 86' lang='lat' dir='ltr'>novae</span> <span class='ocrx_word' id='word_1_278' title='bbox 755 3504 960 3580; x_wconf 88' lang='lat' dir='ltr'>serebantur</span> <span class='ocrx_word' id='word_1_279' title='bbox 976 3505 1058 3581; x_wconf 85' lang='lat' dir='ltr'>lites</span> <span class='ocrx_word' id='word_1_280' title='bbox 1073 3500 1341 3585; x_wconf 65' lang='lat' dir='ltr'>de&#39;Bibliorum</span> <span class='ocrx_word' id='word_1_281' title='bbox 1360 3508 1397 3583; x_wconf 89' lang='lat' dir='ltr'>in</span> <span class='ocrx_word' id='word_1_282' title='bbox 1416 3509 1499 3584; x_wconf 74' lang='lat' dir='ltr'>rer·</span> 
     </span>
     <span class='ocr_line' id='line_1_34' title="bbox 185 3601 1498 3707; baseline 0.005 -33"><span class='ocrx_word' id='word_1_283' title='bbox 185 3601 348 3677; x_wconf 69' lang='lat' dir='ltr'>naculum</span> <span class='ocrx_word' id='word_1_284' title='bbox 367 3602 619 3696; x_wconf 84' lang='lat' dir='ltr'>translatione,</span> <span class='ocrx_word' id='word_1_285' title='bbox 643 3627 727 3702; x_wconf 83' lang='lat' dir='ltr'>quae</span> <span class='ocrx_word' id='word_1_286' title='bbox 744 3626 792 3677; x_wconf 89' lang='lat' dir='ltr'>au</span> <span class='ocrx_word' id='word_1_287' title='bbox 821 3627 859 3677; x_wconf 92' lang='lat' dir='ltr'>er</span> <span class='ocrx_word' id='word_1_288' title='bbox 876 3606 973 3703; x_wconf 89' lang='lat' dir='ltr'>typis</span> <span class='ocrx_word' id='word_1_289' title='bbox 993 3602 1166 3683; x_wconf 86' lang='lat' dir='ltr'>Grastoni</span> <span class='ocrx_word' id='word_1_290' title='bbox 1179 3628 1285 3707; x_wconf 84' lang='lat'>¹54¹·</span> <span class='ocrx_word' id='word_1_291' title='bbox 1311 3608 1431 3685; x_wconf 90' lang='lat' dir='ltr'>denuo</span> <span class='ocrx_word' id='word_1_292' title='bbox 1442 3604 1498 3701; x_wconf 83' lang='lat' dir='ltr'>(c)</span> 
     </span>
    </p>

    <p class='ocr_par' dir='ltr' id='par_1_5' title="bbox 835 3724 1498 3805">
     <span class='ocr_line' id='line_1_35' title="bbox 835 3724 1498 3805; baseline 0.002 -27"><span class='ocrx_word' id='word_1_293' title='bbox 835 3724 909 3802; x_wconf 87' lang='lat' dir='ltr'>qr.</span> <span class='ocrx_word' id='word_1_294' title='bbox 1189 3792 1193 3798; x_wconf 27' lang='lat'>¹</span> <span class='ocrx_word' id='word_1_295' title='bbox 1406 3724 1498 3805; x_wconf 68' lang='lat' dir='ltr'>pro2</span> 
     </span>
    </p>

    <p class='ocr_par' dir='ltr' id='par_1_6' title="bbox 224 3836 761 3930">
     <span class='ocr_line' id='line_1_36' title="bbox 224 3836 761 3930; baseline 0.007 -18"><span class='ocrx_word' id='word_1_296' title='bbox 224 3844 276 3925; x_wconf 80' lang='lat' dir='ltr'>(a)</span> <span class='ocrx_word' id='word_1_297' title='bbox 300 3839 344 3909; x_wconf 91' lang='lat' dir='ltr'>R.</span> <span class='ocrx_word' id='word_1_298' title='bbox 360 3836 616 3910; x_wconf 84' lang='lat' dir='ltr'>THOYRAZ.</span> <span class='ocrx_word' id='word_1_299' title='bbox 640 3865 670 3929; x_wconf 87' lang='lat' dir='ltr'>p.</span> <span class='ocrx_word' id='word_1_300' title='bbox 685 3865 761 3930; x_wconf 79' lang='lat'>412.</span> 
     </span>
    </p>

    <p class='ocr_par' dir='ltr' id='par_1_7' title="bbox 190 3922 723 4011">
     <span class='ocr_line' id='line_1_37' title="bbox 190 3922 723 4011; baseline 0.004 -18"><span class='ocrx_word' id='word_1_301' title='bbox 190 3932 201 3985; x_wconf 83' lang='grc'>’.</span> <span class='ocrx_word' id='word_1_302' title='bbox 224 3928 279 4011; x_wconf 80' lang='lat' dir='ltr'>(b)</span> <span class='ocrx_word' id='word_1_303' title='bbox 302 3922 521 3993; x_wconf 85' lang='lat' dir='ltr'>BURNET.</span> <span class='ocrx_word' id='word_1_304' title='bbox 543 3925 723 4011; x_wconf 59' lang='lat' dir='ltr'>solvar.</span> 
     </span>
    </p>
   </div>
   <div class='ocr_carea' id='block_1_3' title="bbox 226 4007 1047 4104">
    <p class='ocr_par' dir='ltr' id='par_1_8' title="bbox 226 4007 1047 4104">
     <span class='ocr_line' id='line_1_38' title="bbox 226 4007 1047 4104; baseline 0.011 -24"><span class='ocrx_word' id='word_1_305' title='bbox 226 4014 281 4099; x_wconf 87' lang='lat' dir='ltr'>(c)</span> <span class='ocrx_word' id='word_1_306' title='bbox 304 4007 489 4080; x_wconf 83' lang='lat' dir='ltr'>STRYPE</span> <span class='ocrx_word' id='word_1_307' title='bbox 512 4008 706 4085; x_wconf 71' lang='lat' dir='ltr'>Memorare</span> <span class='ocrx_word' id='word_1_308' title='bbox 723 4012 850 4089; x_wconf 73' lang='lat' dir='ltr'>acates.</span> <span class='ocrx_word' id='word_1_309' title='bbox 858 4016 886 4087; x_wconf 91' lang='lat'>1.</span> <span class='ocrx_word' id='word_1_310' title='bbox 901 4015 963 4087; x_wconf 84' lang='lat' dir='ltr'>sol.</span> <span class='ocrx_word' id='word_1_311' title='bbox 975 4029 1047 4104; x_wconf 81' lang='lat'>372.</span> 
     </span>
    </p>
   </div>
   <div class='ocr_carea' id='block_1_4' title="bbox 0 0 1670 4456">
    <p class='ocr_par' dir='ltr' id='par_1_9' title="bbox 0 0 1670 4456">
     <span class='ocr_line' id='line_1_39' title="bbox 0 0 1670 4456; baseline 0 0"><span class='ocrx_word' id='word_1_312' title='bbox 0 0 1670 4456; x_wconf 95' lang='lat' dir='ltr'> </span> 
     </span>
    </p>
   </div>
  </div>
 </body>
</html>
