3322 4456
221 301 296 383 322
434 268 822 353 irisronrn
860 269 1298 350 nvnnonnrr
1353 277 1525 377 nnus.

224 398 524 492 conciomretur,
557 394 768 495 saepiuscule
792 396 831 467 in
855 398 952 493 agria
974 421 1018 471 ac
1038 395 1183 470 subdio
1200 400 1434 476 coneiomtus
1451 403 1524 477 ser·

228 511 312 586 tur,
347 498 481 570 interea
506 497 591 570 dum
619 492 753 566 asseclis
777 491 846 565 suit
872 498 908 564 in
934 495 1068 590 templa
1085 498 1218 568 irruere
1234 497 1437 573 volentibus
1454 501 1524 573 ob·

227 590 317 666 nix&
341 594 597 684 interdicebat,
629 593 751 663 dicent
781 640 809 679 „
829 590 978 663 verbum
1005 591 1040 664 se
1064 594 1161 687 pacit
1187 598 1420 691 annunciare,
1456 621 1524 670 nec

224 689 477 858 dussis&
500 687 1095 857 Ὺμωὸἳηᾶἓὲόῗξέὶὲᾛχ
1113 687 1379 862 ἷοῗηῗωῗω
1393 719 1524 864 ’niis

231 812 396 956 verslrultnc
411 805 874 988 befiraeffmunciansfiat
893 838 990 976 pest}
1007 811 1450 976 infeenoexrffiroinffim
1475 845 1526 962 sa3

230 978 287 1052 nir
307 1004 392 1053 uero
412 985 504 1053 intra
521 982 614 1052 issam
636 979 846 1067 collocans,
872 980 1086 1072 pauperibus
1103 981 1210 1052 etiam
1228 984 1364 1054 auxilio
1383 987 1419 1058 dt
1437 983 1528 1057 sola·

231 1076 308 1168 tio,
340 1077 549 1169 cundiisque
575 1073 726 1147 Pastoris
752 1071 858 1144 instar
875 1071 989 1147 fidelis
1005 1074 1250 1149 emolumento
1268 1079 1390 1153 fuerit.
1431 1082 1527 1154 Cum

230 1171 423 1270 aliquando
443 1174 545 1246 finita
563 1172 743 1243 concione
759 1168 996 1243 sacrificulum
1015 1173 1177 1267 pugione
1194 1173 1309 1268 ipsum
1328 1180 1531 1252 interimere

231 1269 438 1360 volentem,
471 1269 626 1366 populus
643 1269 680 1338 in
699 1265 855 1339 sutorem
873 1265 971 1340 astur
987 1291 1090 1362 paene
1108 1269 1360 1365 interfecisset,
1386 1274 1460 1369 ipse
1476 1274 1528 1348 sa·

231 1364 436 1440 ctificulum
465 1367 620 1440 brachiis
645 1365 852 1459 amplexor,
886 1362 1054 1438 isutore
1079 1365 1193 1461 plebis
1216 1388 1335 1440 tutum
1354 1368 1530 1464 servarit,

229 1461 376 1554 dicens,
411 1489 483 1537 non
512 1461 611 1537 farne
638 1460 670 1533 se
689 1460 732 1531 ab
750 1460 826 1555 ipso
844 1461 990 1553 saesum,
1014 1459 1072 1536 sed
1090 1461 1188 1560 posse
1205 1484 1325 1538 tamen
1344 1468 1425 1540 inde
1440 1492 1530 1541 con·

227 1557 403 1657 jediuram
423 1563 525 1656 capi,
551 1559 654 1654 quale
673 1555 736 1629 sibi
755 1557 898 1630 instaret
914 1557 1042 1632 fatnrn.
1079 1561 1140 1633 Ab
1158 1585 1202 1633 eo
1219 1581 1384 1660 tempore
1401 1564 1531 1637 instan-

233 1675 306 1729 tem
327 1659 536 1753 praesagiens
555 1675 731 1744 mortem,
757 1652 778 1724 *a
793 1653 919 1727 somno
934 1656 1179 1750 saepenumero
1197 1655 1381 1732 surrexisse
1397 1662 1531 1734 dicitur

231 1759 657 1924 idiediiissbsr‘ss‘sssssi
678 1749 1230 1922 “st'‘“rsssszsnss‘ss
1238 1755 1408 1940 (simiam
1426 1756 1534 1925 ⁰302}

229 1874 402 2046 quoidam
430 1949 463 2023 se
487 1901 707 2044 insequent’ea
725 1997 737 2034 ‚
758 1872 974 2018 quniversam
1002 1965 1122 2018 tamen
1149 1901 1353 2042 Regionim
1382 1874 1454 2022 αξη
1482 1950 1532 2023 ita

230 2044 350 2121 multo
369 2047 449 2143 post
468 2049 510 2120 ad
533 2046 706 2119 Veritatis
727 2042 956 2141 Evangelicae
974 2041 1093 2116 lucem
1111 2043 1316 2118 conversam
1335 2045 1393 2119 iri.
1434 2047 1532 2121 Cum

231 2136 347 2242 igitur
374 2147 477 2218 variis
496 2147 531 2217 in
550 2145 639 2218 locis
656 2143 732 2241 ejur
749 2139 956 2215 Concioner
975 2164 1060 2215 cum
1079 2140 1249 2238 applausu
1266 2144 1534 2240 reciperentur,

230 2232 261 2315 it
287 2263 431 2338 quoque
457 2244 492 2316 in
521 2243 738 2315 Lothianarn
766 2249 864 2336 (quae
891 2240 994 2337 regio
1017 2238 1069 2313 est
1095 2239 1277 2337 perampla
1296 2241 1333 2315 in
1351 2263 1421 2316 tres
1440 2265 1533 2340 prae·

94 2380 96 2385 ·
230 2333 383 2417 stautai
399 2340 550 2414 diremta
567 2337 867 2413 Limnuchensem
888 2336 1258 2451 Edimburgensem&
1271 2339 1535 2413 Hadintonien·

230 2432 318 2527 seur)
344 2439 535 2513 conversus
562 2439 683 2532 ibique
711 2435 952 2530 Evangesium
970 2459 1186 2510 annunciare
1202 2433 1254 2507 esi
1270 2434 1432 2525 annisur;

280 2535 420 2609 interea
445 2557 521 2609 erat
547 2532 765 2633 Edimburgi
783 2555 983 2608 conventus
1001 2533 1151 2606 Ordinis
1170 2529 1411 2607 Ecclesiastici
1431 2535 1473 2608 ad
1494 2534 1537 2604 Id

227 2626 422 2727 Ianuarias.
434 2633 488 2721 (b)
512 2634 552 2706 sn
570 2659 614 2707 eo
632 2653 736 2704 coetu
754 2655 836 2704 cum
855 2629 984 2724 jactata
1026 2631 1153 2704 lurima
1171 2629 1336 2723 fuissent,
1355 2633 1401 2704 de
1410 2630 1537 2703 Veteri

233 2724 411 2805 Ecclesia
431 2730 595 2805 libertate
609 2730 816 2814 retinenda,
834 2728 879 2798 de
893 2655 1082 2800 manisestn
1093 2729 1302 2822 quibusdum
1313 2725 1534 2796 sacerdotum

234 2820 383 2924 flagitiis
401 2827 664 2925 expurgandis,
686 2845 752 2893 nec
770 2823 864 2894 ussus
884 2822 1104 2895 inveniretur
1120 2822 1259 2904 exitur,
1277 2816 1419 2887 tandem
1438 2814 1534 2885 desa·

235 2939 314 2999 tum
334 2924 384 2997 est
403 2926 445 2998 ad
463 2951 546 3017 eoa,
565 2924 738 3014 Georgium
756 2917 1014 3011 Gniscbamrn,
1031 2914 1325 2986 concionatorem
1345 2909 1536 3007 Evangelii

233 3018 345 3119 longe
415 3025 502 3121 pulo
519 3013 822 3113 acceptissimum,
841 3009 882 3083 ad
901 3009 1034 3108 septem
1053 3008 1098 3082 ab
1117 3005 1205 3081 urbe
1223 3006 1333 3080 missia
1350 3006 1536 3103 passuum,

232 3120 328 3220 opud
391 3123 548 3197 ominem
583 3114 766 3202 nobilem,
808 3110 998 3205 Jararnem
1028 3110 1233 3184 Cicirrum
1257 3103 1434 3179 diversari.
1476 3109 1536 3180 Ad

234 3244 317 3298 eum
349 3219 466 3292 statim
493 3218 629 3314 equites
654 3208 764 3305 miffi,
791 3211 851 3305 qui
873 3209 1052 3282 hominem
1071 3205 1313 3302 deposcerent.
1365 3205 1434 3277 Sed
1453 3229 1536 3277 cum

236 3315 455 3391 Cocburnns
479 3316 546 3388 asia
572 3337 679 3409 atque
705 3310 772 3384 alia
797 3307 1033 3398 caussaretur,
1066 3331 1106 3378 ac
1134 3325 1247 3374 moras
1267 3300 1481 3391 rnnenera,
1512 3303 1537 3375 sr

236 3435 319 3485 eum
339 3409 486 3482 occulte
504 3411 618 3507 posset
637 3411 819 3483 dimittere
835 3405 1144 3499 circumspiciens,
1164 3399 1443 3570 Cardinasisper
1461 3400 1540 3474 suos

1391 3521 1411 3568 a
1430 3501 1541 3594 potiti

1473 3621 1539 3669 cu·

236 3506 276 3581 id
293 3503 372 3578 sieri
388 3506 668 3601 admonitus,'&
686 3506 911 3606 summopere
927 3518 1047 3578 tamen
1066 3501 1132 3572 hac
1149 3499 1272 3595 opimi
1289 3520 1363 3594 prae

276 3748 328 3827 (a)
351 3743 571 3813 BURNET.
598 3752 618 3814 1.
637 3770 666 3814 c.
688 3747 747 3813 fol.
762 3748 831 3831 183.
1209 3827 1216 3838 ·

234 3829 441 4005 pupptpmpeu'pi
458 3832 630 3916 scil.1545.
650 3847 740 3913 Juxta
755 3833 958 3912 hodiernam,
971 3840 1021 3911 at,
1040 3827 1083 3894 A.
1096 3845 1189 3912 1544·
1204 3840 1298 3911 Juxta
1309 3840 1450 3892 veterem
1466 3824 1537 3905 sup·
