<?xml version="1.0" encoding="UTF-8"?>
<!DOCTYPE html PUBLIC "-//W3C//DTD XHTML 1.0 Transitional//EN"
    "http://www.w3.org/TR/xhtml1/DTD/xhtml1-transitional.dtd">
<html xmlns="http://www.w3.org/1999/xhtml" xml:lang="en" lang="en">
 <head>
  <title>
</title>
<meta http-equiv="Content-Type" content="text/html;charset=utf-8" />
  <meta name='ocr-system' content='tesseract 3.04.00' />
  <meta name='ocr-capabilities' content='ocr_page ocr_carea ocr_par ocr_line ocrx_word'/>
</head>
<body>
  <div class='ocr_page' id='page_1' title='image "./introductioinhi02gerdgoog_0210.png"; bbox 0 0 3322 4456; ppageno 0'>
   <div class='ocr_carea' id='block_1_1' title="bbox 27 350 1430 492">
    <p class='ocr_par' dir='ltr' id='par_1_1' title="bbox 27 350 1430 492">
     <span class='ocr_line' id='line_1_1' title="bbox 27 350 1430 492; baseline -0.008 -25"><span class='ocrx_word' id='word_1_1' title='bbox 27 350 29 355; x_wconf 57' lang='grc'>’</span> <span class='ocrx_word' id='word_1_2' title='bbox 136 389 382 492; x_wconf 71' lang='lat' dir='ltr'>Janytnns.</span> <span class='ocrx_word' id='word_1_3' title='bbox 461 385 500 457; x_wconf 81' lang='lat' dir='ltr'>a</span> <span class='ocrx_word' id='word_1_4' title='bbox 549 380 583 457; x_wconf 77' lang='lat' dir='ltr'>u</span> <span class='ocrx_word' id='word_1_5' title='bbox 632 379 673 454; x_wconf 87' lang='lat' dir='ltr'>N</span> <span class='ocrx_word' id='word_1_6' title='bbox 723 380 762 454; x_wconf 93' lang='lat'>0</span> <span class='ocrx_word' id='word_1_7' title='bbox 812 379 847 451; x_wconf 85' lang='lat' dir='ltr'>v</span> <span class='ocrx_word' id='word_1_8' title='bbox 898 382 930 452; x_wconf 81' lang='lat' dir='ltr'>a</span> <span class='ocrx_word' id='word_1_9' title='bbox 980 381 1017 451; x_wconf 84' lang='lat' dir='ltr'>T</span> <span class='ocrx_word' id='word_1_10' title='bbox 1068 386 1098 458; x_wconf 87' lang='lat' dir='ltr'>t.</span> <span class='ocrx_word' id='word_1_11' title='bbox 1366 392 1430 492; x_wconf 71' lang='lat'>‚33</span> 
     </span>
    </p>
   </div>
   <div class='ocr_carea' id='block_1_2' title="bbox 21 500 1515 3794">
    <p class='ocr_par' dir='ltr' id='par_1_2' title="bbox 124 500 1431 1964">
     <span class='ocr_line' id='line_1_2' title="bbox 185 500 1430 610; baseline -0.01 -18"><span class='ocrx_word' id='word_1_12' title='bbox 185 509 405 603; x_wconf 77' lang='lat' dir='ltr'>Enimverd,</span> <span class='ocrx_word' id='word_1_13' title='bbox 438 530 599 606; x_wconf 81' lang='lat' dir='ltr'>quaenam</span> <span class='ocrx_word' id='word_1_14' title='bbox 627 509 704 602; x_wconf 88' lang='lat' dir='ltr'>ejus</span> <span class='ocrx_word' id='word_1_15' title='bbox 729 505 838 577; x_wconf 87' lang='lat' dir='ltr'>fuerit</span> <span class='ocrx_word' id='word_1_16' title='bbox 868 504 1063 597; x_wconf 75' lang='lat' dir='ltr'>Dodirina,</span> <span class='ocrx_word' id='word_1_17' title='bbox 1088 534 1127 585; x_wconf 92' lang='lat' dir='ltr'>ut</span> <span class='ocrx_word' id='word_1_18' title='bbox 1146 519 1267 610; x_wconf 77' lang='lat' dir='ltr'>paucis</span> <span class='ocrx_word' id='word_1_19' title='bbox 1284 500 1430 595; x_wconf 55' lang='lat' dir='ltr'>evolsa.</span> 
     </span>
     <span class='ocr_line' id='line_1_3' title="bbox 135 602 1430 709; baseline 0.008 -29"><span class='ocrx_word' id='word_1_20' title='bbox 135 636 235 706; x_wconf 85' lang='lat' dir='ltr'>mus,</span> <span class='ocrx_word' id='word_1_21' title='bbox 263 607 399 686; x_wconf 82' lang='lat' dir='ltr'>necesse</span> <span class='ocrx_word' id='word_1_22' title='bbox 416 608 505 679; x_wconf 89' lang='lat' dir='ltr'>erit:</span> <span class='ocrx_word' id='word_1_23' title='bbox 534 605 584 675; x_wconf 87' lang='lat' dir='ltr'>Et</span> <span class='ocrx_word' id='word_1_24' title='bbox 601 602 767 697; x_wconf 90' lang='lat' dir='ltr'>quidem,</span> <span class='ocrx_word' id='word_1_25' title='bbox 793 603 890 695; x_wconf 91' lang='lat' dir='ltr'>quod</span> <span class='ocrx_word' id='word_1_26' title='bbox 910 603 951 673; x_wconf 91' lang='lat' dir='ltr'>ad</span> <span class='ocrx_word' id='word_1_27' title='bbox 969 606 1215 682; x_wconf 81' lang='lat' dir='ltr'><em>Sacramentum</em></span> <span class='ocrx_word' id='word_1_28' title='bbox 1233 624 1373 709; x_wconf 81' lang='lat' dir='ltr'>carparis</span> <span class='ocrx_word' id='word_1_29' title='bbox 1387 623 1430 703; x_wconf 58' lang='grc' dir='ltr'>ὅ</span> 
     </span>
     <span class='ocr_line' id='line_1_4' title="bbox 124 699 1429 810; baseline -0.007 -27"><span class='ocrx_word' id='word_1_30' title='bbox 124 711 306 810; x_wconf 78' lang='lat' dir='ltr'>sanguinis</span> <span class='ocrx_word' id='word_1_31' title='bbox 322 702 448 796; x_wconf 80' lang='lat' dir='ltr'>Christi</span> <span class='ocrx_word' id='word_1_32' title='bbox 463 704 623 788; x_wconf 88' lang='lat' dir='ltr'>adtinet,</span> <span class='ocrx_word' id='word_1_33' title='bbox 642 721 724 769; x_wconf 90' lang='lat' dir='ltr'>eum</span> <span class='ocrx_word' id='word_1_34' title='bbox 745 699 824 769; x_wconf 82' lang='lat' dir='ltr'>haec</span> <span class='ocrx_word' id='word_1_35' title='bbox 842 718 995 788; x_wconf 89' lang='lat' dir='ltr'>quatuor</span> <span class='ocrx_word' id='word_1_36' title='bbox 1014 700 1227 794; x_wconf 86' lang='lat' dir='ltr'>potislimum</span> <span class='ocrx_word' id='word_1_37' title='bbox 1246 711 1289 781; x_wconf 89' lang='lat' dir='ltr'>de</span> <span class='ocrx_word' id='word_1_38' title='bbox 1307 736 1349 783; x_wconf 90' lang='lat' dir='ltr'>eo</span> <span class='ocrx_word' id='word_1_39' title='bbox 1368 721 1429 788; x_wconf 82' lang='lat' dir='ltr'>de.</span> 
     </span>
     <span class='ocr_line' id='line_1_5' title="bbox 135 792 1429 896; baseline 0 -16"><span class='ocrx_word' id='word_1_40' title='bbox 135 805 281 881; x_wconf 84' lang='lat' dir='ltr'>sendisl&#39;e</span> <span class='ocrx_word' id='word_1_41' title='bbox 298 801 417 896; x_wconf 89' lang='lat' dir='ltr'>capita</span> <span class='ocrx_word' id='word_1_42' title='bbox 436 800 484 889; x_wconf 89' lang='lat' dir='ltr'>(a)</span> <span class='ocrx_word' id='word_1_43' title='bbox 520 813 657 868; x_wconf 89' lang='lat' dir='ltr'>certum</span> <span class='ocrx_word' id='word_1_44' title='bbox 675 792 737 865; x_wconf 87' lang='lat' dir='ltr'>est.</span> <span class='ocrx_word' id='word_1_45' title='bbox 783 817 812 865; x_wconf 94' lang='lat'>1.</span> <span class='ocrx_word' id='word_1_46' title='bbox 839 794 952 884; x_wconf 89' lang='lat' dir='ltr'>Quod</span> <span class='ocrx_word' id='word_1_47' title='bbox 972 818 1043 866; x_wconf 92' lang='lat' dir='ltr'>non</span> <span class='ocrx_word' id='word_1_48' title='bbox 1064 795 1106 869; x_wconf 87' lang='lat' dir='ltr'>sit</span> <span class='ocrx_word' id='word_1_49' title='bbox 1125 802 1327 877; x_wconf 75' lang='lat' dir='ltr'>necessarius</span> <span class='ocrx_word' id='word_1_50' title='bbox 1347 810 1429 884; x_wconf 85' lang='lat' dir='ltr'>fidei</span> 
     </span>
     <span class='ocr_line' id='line_1_6' title="bbox 135 890 1431 1059; baseline 0.004 -84"><span class='ocrx_word' id='word_1_51' title='bbox 135 903 199 975; x_wconf 88' lang='lat' dir='ltr'>sub</span> <span class='ocrx_word' id='word_1_52' title='bbox 227 896 462 972; x_wconf 85' lang='lat' dir='ltr'>damnationis</span> <span class='ocrx_word' id='word_1_53' title='bbox 490 890 650 987; x_wconf 86' lang='lat' dir='ltr'>periculo</span> <span class='ocrx_word' id='word_1_54' title='bbox 677 890 858 963; x_wconf 87' lang='lat' dir='ltr'>articulus.</span> <span class='ocrx_word' id='word_1_55' title='bbox 902 913 934 963; x_wconf 84' lang='lat' dir='ltr'>t.</span> <span class='ocrx_word' id='word_1_56' title='bbox 960 892 1086 1059; x_wconf 47' lang='lat' dir='ltr'>Qum</span> <span class='ocrx_word' id='word_1_57' title='bbox 1115 895 1250 968; x_wconf 92' lang='lat' dir='ltr'>Christi</span> <span class='ocrx_word' id='word_1_58' title='bbox 1274 909 1431 981; x_wconf 85' lang='lat' dir='ltr'>naturale</span> 
     </span>
     <span class='ocr_line' id='line_1_7' title="bbox 137 989 1431 1092; baseline -0.002 -22"><span class='ocrx_word' id='word_1_59' title='bbox 137 1020 270 1092; x_wconf 87' lang='lat' dir='ltr'>corpus</span> <span class='ocrx_word' id='word_1_60' title='bbox 290 994 364 1089; x_wconf 90' lang='lat' dir='ltr'>pari</span> <span class='ocrx_word' id='word_1_61' title='bbox 383 989 592 1062; x_wconf 89' lang='lat' dir='ltr'>conditione</span> <span class='ocrx_word' id='word_1_62' title='bbox 609 1010 750 1059; x_wconf 89' lang='lat' dir='ltr'>omnem</span> <span class='ocrx_word' id='word_1_63' title='bbox 771 990 932 1083; x_wconf 89' lang='lat' dir='ltr'>corporis</span> <span class='ocrx_word' id='word_1_64' title='bbox 950 994 1012 1060; x_wconf 93' lang='lat' dir='ltr'>nos</span> <span class='ocrx_word' id='word_1_65' title='bbox 1031 992 1059 1060; x_wconf 94' lang='lat' dir='ltr'>ri</span> <span class='ocrx_word' id='word_1_66' title='bbox 1079 995 1332 1086; x_wconf 80' lang='lat' dir='ltr'>proprietatem</span> <span class='ocrx_word' id='word_1_67' title='bbox 1353 1007 1431 1092; x_wconf 77' lang='lat' dir='ltr'>(ex-</span> 
     </span>
     <span class='ocr_line' id='line_1_8' title="bbox 138 1084 1429 1187; baseline 0.002 -22"><span class='ocrx_word' id='word_1_68' title='bbox 138 1112 248 1187; x_wconf 88' lang='lat' dir='ltr'>cepto</span> <span class='ocrx_word' id='word_1_69' title='bbox 274 1091 445 1167; x_wconf 84' lang='lat' dir='ltr'>duntaxat</span> <span class='ocrx_word' id='word_1_70' title='bbox 471 1085 637 1181; x_wconf 88' lang='lat' dir='ltr'>peccato)</span> <span class='ocrx_word' id='word_1_71' title='bbox 663 1084 805 1176; x_wconf 86' lang='lat' dir='ltr'>subeat,</span> <span class='ocrx_word' id='word_1_72' title='bbox 840 1085 918 1157; x_wconf 82' lang='lat' dir='ltr'>sieri</span> <span class='ocrx_word' id='word_1_73' title='bbox 936 1110 1008 1158; x_wconf 90' lang='lat' dir='ltr'>uon</span> <span class='ocrx_word' id='word_1_74' title='bbox 1026 1087 1145 1182; x_wconf 86' lang='lat' dir='ltr'>posse,</span> <span class='ocrx_word' id='word_1_75' title='bbox 1172 1113 1238 1162; x_wconf 88' lang='lat' dir='ltr'>nec</span> <span class='ocrx_word' id='word_1_76' title='bbox 1254 1091 1323 1162; x_wconf 87' lang='lat' dir='ltr'>elle</span> <span class='ocrx_word' id='word_1_77' title='bbox 1342 1120 1429 1169; x_wconf 91' lang='lat' dir='ltr'>con·</span> 
     </span>
     <span class='ocr_line' id='line_1_9' title="bbox 136 1181 1431 1281; baseline 0.003 -18"><span class='ocrx_word' id='word_1_78' title='bbox 136 1190 366 1277; x_wconf 88' lang='lat' dir='ltr'>sentaneutn,</span> <span class='ocrx_word' id='word_1_79' title='bbox 402 1204 443 1256; x_wconf 88' lang='lat' dir='ltr'>nt</span> <span class='ocrx_word' id='word_1_80' title='bbox 468 1182 607 1254; x_wconf 87' lang='lat' dir='ltr'>duobus</span> <span class='ocrx_word' id='word_1_81' title='bbox 634 1181 842 1277; x_wconf 88' lang='lat' dir='ltr'>pluribusve</span> <span class='ocrx_word' id='word_1_82' title='bbox 868 1181 969 1254; x_wconf 89' lang='lat' dir='ltr'>fimul</span> <span class='ocrx_word' id='word_1_83' title='bbox 998 1184 1086 1258; x_wconf 87' lang='lat' dir='ltr'>locis</span> <span class='ocrx_word' id='word_1_84' title='bbox 1113 1207 1245 1281; x_wconf 85' lang='lat' dir='ltr'>praeter</span> <span class='ocrx_word' id='word_1_85' title='bbox 1271 1210 1431 1267; x_wconf 88' lang='lat' dir='ltr'>naturam</span> 
     </span>
     <span class='ocr_line' id='line_1_10' title="bbox 136 1278 1429 1382; baseline 0.002 -22"><span class='ocrx_word' id='word_1_86' title='bbox 136 1286 297 1382; x_wconf 91' lang='lat' dir='ltr'>corporis</span> <span class='ocrx_word' id='word_1_87' title='bbox 327 1279 437 1355; x_wconf 89' lang='lat' dir='ltr'>nostri</span> <span class='ocrx_word' id='word_1_88' title='bbox 465 1280 702 1353; x_wconf 86' lang='lat' dir='ltr'>contineatur.</span> <span class='ocrx_word' id='word_1_89' title='bbox 756 1299 787 1374; x_wconf 81' lang='lat'>3.</span> <span class='ocrx_word' id='word_1_90' title='bbox 813 1278 976 1372; x_wconf 88' lang='lat' dir='ltr'>Deinde,</span> <span class='ocrx_word' id='word_1_91' title='bbox 1011 1304 1125 1377; x_wconf 89' lang='lat' dir='ltr'>neque</span> <span class='ocrx_word' id='word_1_92' title='bbox 1152 1283 1211 1355; x_wconf 93' lang='lat' dir='ltr'>hic</span> <span class='ocrx_word' id='word_1_93' title='bbox 1236 1287 1429 1382; x_wconf 84' lang='lat' dir='ltr'>quicquam</span> 
     </span>
     <span class='ocr_line' id='line_1_11' title="bbox 134 1371 1430 1481; baseline 0.004 -26"><span class='ocrx_word' id='word_1_94' title='bbox 134 1380 270 1457; x_wconf 83' lang='lat' dir='ltr'>necesse</span> <span class='ocrx_word' id='word_1_95' title='bbox 294 1378 384 1470; x_wconf 90' lang='lat' dir='ltr'>esse,</span> <span class='ocrx_word' id='word_1_96' title='bbox 418 1399 483 1449; x_wconf 87' lang='lat' dir='ltr'>cur</span> <span class='ocrx_word' id='word_1_97' title='bbox 509 1376 615 1449; x_wconf 86' lang='lat' dir='ltr'>verba</span> <span class='ocrx_word' id='word_1_98' title='bbox 634 1371 770 1448; x_wconf 89' lang='lat' dir='ltr'>Christi</span> <span class='ocrx_word' id='word_1_99' title='bbox 793 1375 900 1470; x_wconf 84' lang='lat' dir='ltr'>juxta</span> <span class='ocrx_word' id='word_1_100' title='bbox 916 1409 946 1448; x_wconf 72' lang='lat' dir='ltr'>aa</span> <span class='ocrx_word' id='word_1_101' title='bbox 965 1408 1038 1468; x_wconf 69' lang='lat' dir='ltr'>paen</span> <span class='ocrx_word' id='word_1_102' title='bbox 1057 1380 1172 1452; x_wconf 83' lang='lat' dir='ltr'>literae</span> <span class='ocrx_word' id='word_1_103' title='bbox 1190 1385 1430 1481; x_wconf 84' lang='lat' dir='ltr'>accipiamus,</span> 
     </span>
     <span class='ocr_line' id='line_1_12' title="bbox 132 1469 1430 1578; baseline 0.005 -26"><span class='ocrx_word' id='word_1_104' title='bbox 132 1479 190 1554; x_wconf 92' lang='lat' dir='ltr'>sed</span> <span class='ocrx_word' id='word_1_105' title='bbox 214 1479 335 1576; x_wconf 88' lang='lat' dir='ltr'>potius</span> <span class='ocrx_word' id='word_1_106' title='bbox 354 1474 573 1546; x_wconf 89' lang='lat' dir='ltr'>idiotismum</span> <span class='ocrx_word' id='word_1_107' title='bbox 591 1496 632 1544; x_wconf 90' lang='lat' dir='ltr'>ac</span> <span class='ocrx_word' id='word_1_108' title='bbox 652 1469 791 1566; x_wconf 82' lang='lat' dir='ltr'>phrasin</span> <span class='ocrx_word' id='word_1_109' title='bbox 810 1471 1003 1544; x_wconf 88' lang='lat' dir='ltr'>locutionis</span> <span class='ocrx_word' id='word_1_110' title='bbox 1021 1472 1265 1567; x_wconf 83' lang='lat' dir='ltr'>observantes,</span> <span class='ocrx_word' id='word_1_111' title='bbox 1292 1484 1430 1578; x_wconf 83' lang='lat' dir='ltr'>phrases</span> 
     </span>
     <span class='ocr_line' id='line_1_13' title="bbox 134 1566 1429 1672; baseline 0.002 -24"><span class='ocrx_word' id='word_1_112' title='bbox 134 1598 216 1650; x_wconf 86' lang='lat' dir='ltr'>cum</span> <span class='ocrx_word' id='word_1_113' title='bbox 244 1571 428 1672; x_wconf 86' lang='lat' dir='ltr'>phrafibus</span> <span class='ocrx_word' id='word_1_114' title='bbox 441 1572 550 1666; x_wconf 83' lang='lat' dir='ltr'>juxta</span> <span class='ocrx_word' id='word_1_115' title='bbox 567 1571 716 1665; x_wconf 83' lang='lat' dir='ltr'>reliquae</span> <span class='ocrx_word' id='word_1_116' title='bbox 736 1566 920 1664; x_wconf 80' lang='lat' dir='ltr'>scripturae</span> <span class='ocrx_word' id='word_1_117' title='bbox 939 1569 1135 1666; x_wconf 87' lang='lat' dir='ltr'>analogiam</span> <span class='ocrx_word' id='word_1_118' title='bbox 1156 1596 1429 1668; x_wconf 90' lang='lat' dir='ltr'>componamus.</span> 
     </span>
     <span class='ocr_line' id='line_1_14' title="bbox 131 1665 1428 1769; baseline 0.005 -24"><span class='ocrx_word' id='word_1_119' title='bbox 131 1695 168 1769; x_wconf 90' lang='lat'>4.</span> <span class='ocrx_word' id='word_1_120' title='bbox 194 1665 402 1762; x_wconf 70' lang='lat' dir='ltr'>Postremi),</span> <span class='ocrx_word' id='word_1_121' title='bbox 435 1691 508 1763; x_wconf 93' lang='lat' dir='ltr'>quo</span> <span class='ocrx_word' id='word_1_122' title='bbox 528 1665 633 1767; x_wconf 76' lang='lat' dir='ltr'>paslo</span> <span class='ocrx_word' id='word_1_123' title='bbox 646 1666 754 1763; x_wconf 78' lang='lat' dir='ltr'>ju&#39;xta</span> <span class='ocrx_word' id='word_1_124' title='bbox 772 1688 888 1738; x_wconf 89' lang='lat' dir='ltr'>veram</span> <span class='ocrx_word' id='word_1_125' title='bbox 909 1666 947 1740; x_wconf 81' lang='lat' dir='ltr'>dt</span> <span class='ocrx_word' id='word_1_126' title='bbox 964 1669 1156 1764; x_wconf 85' lang='lat' dir='ltr'>genuinam</span> <span class='ocrx_word' id='word_1_127' title='bbox 1176 1670 1311 1743; x_wconf 85' lang='lat' dir='ltr'>Christi</span> <span class='ocrx_word' id='word_1_128' title='bbox 1330 1679 1428 1750; x_wconf 87' lang='lat' dir='ltr'>insti·</span> 
     </span>
     <span class='ocr_line' id='line_1_15' title="bbox 131 1762 1430 1932; baseline 0.003 -88"><span class='ocrx_word' id='word_1_129' title='bbox 131 1770 310 1844; x_wconf 89' lang='lat' dir='ltr'>tutionem</span> <span class='ocrx_word' id='word_1_130' title='bbox 328 1765 455 1861; x_wconf 84' lang='lat' dir='ltr'>suscipi</span> <span class='ocrx_word' id='word_1_131' title='bbox 472 1784 678 1932; x_wconf 75' lang='lat' dir='ltr'>oporteret:</span> <span class='ocrx_word' id='word_1_132' title='bbox 698 1762 962 1859; x_wconf 84' lang='lat' dir='ltr'>quantumlibet</span> <span class='ocrx_word' id='word_1_133' title='bbox 980 1763 1024 1835; x_wconf 91' lang='lat' dir='ltr'>ab</span> <span class='ocrx_word' id='word_1_134' title='bbox 1041 1788 1082 1839; x_wconf 88' lang='lat' dir='ltr'>ca</span> <span class='ocrx_word' id='word_1_135' title='bbox 1094 1765 1430 1868; x_wconf 86' lang='lat' dir='ltr'>sacerdotalishaec,</span> 
     </span>
     <span class='ocr_line' id='line_1_16' title="bbox 131 1858 971 1964; baseline -0.01 -25"><span class='ocrx_word' id='word_1_136' title='bbox 131 1889 212 1964; x_wconf 88' lang='lat' dir='ltr'>quae</span> <span class='ocrx_word' id='word_1_137' title='bbox 233 1865 339 1938; x_wconf 92' lang='lat' dir='ltr'>hodie</span> <span class='ocrx_word' id='word_1_138' title='bbox 358 1863 553 1956; x_wconf 82' lang='lat' dir='ltr'>subrepit,</span> <span class='ocrx_word' id='word_1_139' title='bbox 580 1859 805 1934; x_wconf 89' lang='lat' dir='ltr'>institutione</span> <span class='ocrx_word' id='word_1_140' title='bbox 822 1858 971 1935; x_wconf 88' lang='lat' dir='ltr'>diffiliat.</span> 
     </span>
    </p>

    <p class='ocr_par' dir='ltr' id='par_1_3' title="bbox 131 1957 1515 2538">
     <span class='ocr_line' id='line_1_17' title="bbox 181 1957 1430 2052; baseline 0.002 -16"><span class='ocrx_word' id='word_1_141' title='bbox 181 1964 287 2035; x_wconf 87' lang='lat' dir='ltr'>Hanc</span> <span class='ocrx_word' id='word_1_142' title='bbox 305 1960 536 2051; x_wconf 87' lang='lat' dir='ltr'>sententiam,</span> <span class='ocrx_word' id='word_1_143' title='bbox 562 1983 646 2032; x_wconf 90' lang='lat' dir='ltr'>cum</span> <span class='ocrx_word' id='word_1_144' title='bbox 665 1957 877 2052; x_wconf 90' lang='lat' dir='ltr'>aliquando,</span> <span class='ocrx_word' id='word_1_145' title='bbox 901 1981 972 2030; x_wconf 90' lang='lat' dir='ltr'>non</span> <span class='ocrx_word' id='word_1_146' title='bbox 991 1976 1129 2032; x_wconf 90' lang='lat' dir='ltr'>tantum</span> <span class='ocrx_word' id='word_1_147' title='bbox 1149 1959 1309 2037; x_wconf 85' lang='lat' dir='ltr'>sermone</span> <span class='ocrx_word' id='word_1_148' title='bbox 1328 1964 1430 2039; x_wconf 87' lang='lat' dir='ltr'>sami·</span> 
     </span>
     <span class='ocr_line' id='line_1_18' title="bbox 131 2053 1432 2156; baseline 0.004 -26"><span class='ocrx_word' id='word_1_149' title='bbox 131 2057 208 2131; x_wconf 93' lang='lat' dir='ltr'>liari</span> <span class='ocrx_word' id='word_1_150' title='bbox 228 2056 452 2156; x_wconf 84' lang='lat' dir='ltr'>protulisset,</span> <span class='ocrx_word' id='word_1_151' title='bbox 470 2053 671 2144; x_wconf 89' lang='lat' dir='ltr'>sedetiam,</span> <span class='ocrx_word' id='word_1_152' title='bbox 691 2056 760 2123; x_wconf 91' lang='lat' dir='ltr'>hoc</span> <span class='ocrx_word' id='word_1_153' title='bbox 772 2053 1053 2150; x_wconf 85' lang='lat' dir='ltr'>amicoquodam</span> <span class='ocrx_word' id='word_1_154' title='bbox 1065 2060 1432 2156; x_wconf 86' lang='lat' dir='ltr'>veterialiisqueami·</span> 
     </span>
     <span class='ocr_line' id='line_1_19' title="bbox 135 2146 1433 2242; baseline 0.008 -21"><span class='ocrx_word' id='word_1_155' title='bbox 135 2153 187 2221; x_wconf 87' lang='lat' dir='ltr'>cis</span> <span class='ocrx_word' id='word_1_156' title='bbox 202 2151 449 2235; x_wconf 81' lang='lat' dir='ltr'>suadentibus,</span> <span class='ocrx_word' id='word_1_157' title='bbox 475 2148 609 2239; x_wconf 88' lang='lat' dir='ltr'>scripto</span> <span class='ocrx_word' id='word_1_158' title='bbox 628 2146 884 2239; x_wconf 80' lang='lat' dir='ltr'>consignasset,</span> <span class='ocrx_word' id='word_1_159' title='bbox 910 2147 1042 2223; x_wconf 69' lang='lat' dir='ltr'>fastum</span> <span class='ocrx_word' id='word_1_160' title='bbox 1057 2151 1128 2242; x_wconf 85' lang='lat' dir='ltr'>est,</span> <span class='ocrx_word' id='word_1_161' title='bbox 1155 2174 1195 2226; x_wconf 91' lang='lat' dir='ltr'>ut</span> <span class='ocrx_word' id='word_1_162' title='bbox 1213 2157 1342 2231; x_wconf 84' lang='lat' dir='ltr'>nefaria</span> <span class='ocrx_word' id='word_1_163' title='bbox 1360 2163 1433 2232; x_wconf 86' lang='lat' dir='ltr'>Gu-</span> 
     </span>
     <span class='ocr_line' id='line_1_20' title="bbox 133 2239 1435 2345; baseline 0.007 -25"><span class='ocrx_word' id='word_1_164' title='bbox 133 2247 236 2320; x_wconf 81' lang='lat' dir='ltr'>lielmi</span> <span class='ocrx_word' id='word_1_165' title='bbox 247 2245 346 2317; x_wconf 80' lang='lat' dir='ltr'>Hosti</span> <span class='ocrx_word' id='word_1_166' title='bbox 357 2239 540 2336; x_wconf 88' lang='lat' dir='ltr'>cujusdam</span> <span class='ocrx_word' id='word_1_167' title='bbox 553 2241 776 2334; x_wconf 86' lang='lat' dir='ltr'>proditione,</span> <span class='ocrx_word' id='word_1_168' title='bbox 795 2264 943 2338; x_wconf 89' lang='lat' dir='ltr'>propter</span> <span class='ocrx_word' id='word_1_169' title='bbox 951 2267 1025 2317; x_wconf 87' lang='lat' dir='ltr'>eam</span> <span class='ocrx_word' id='word_1_170' title='bbox 1037 2246 1334 2345; x_wconf 86' lang='lat' dir='ltr'>deferreturapud</span> <span class='ocrx_word' id='word_1_171' title='bbox 1347 2255 1435 2329; x_wconf 74' lang='lat' dir='ltr'>Tho·</span> 
     </span>
     <span class='ocr_line' id='line_1_21' title="bbox 132 2334 1515 2444; baseline 0.007 -31"><span class='ocrx_word' id='word_1_172' title='bbox 132 2363 223 2415; x_wconf 87' lang='lat' dir='ltr'>mam</span> <span class='ocrx_word' id='word_1_173' title='bbox 250 2335 467 2413; x_wconf 89' lang='lat' dir='ltr'>MORUM</span> <span class='ocrx_word' id='word_1_174' title='bbox 496 2336 616 2430; x_wconf 86' lang='lat' dir='ltr'>Regni</span> <span class='ocrx_word' id='word_1_175' title='bbox 637 2334 924 2430; x_wconf 80' lang='lat' dir='ltr'>cancellarium,</span> <span class='ocrx_word' id='word_1_176' title='bbox 952 2341 989 2415; x_wconf 75' lang='grc' dir='ltr'>ὃ(</span> <span class='ocrx_word' id='word_1_177' title='bbox 1006 2345 1217 2415; x_wconf 88' lang='lat' dir='ltr'>acerrimum</span> <span class='ocrx_word' id='word_1_178' title='bbox 1239 2348 1433 2444; x_wconf 85' lang='lat' dir='ltr'>Evangeli·</span> <span class='ocrx_word' id='word_1_179' title='bbox 1513 2358 1515 2363; x_wconf 86' lang='lat'>&#39;</span> 
     </span>
     <span class='ocr_line' id='line_1_22' title="bbox 134 2429 1435 2538; baseline 0.003 -27"><span class='ocrx_word' id='word_1_180' title='bbox 134 2461 260 2512; x_wconf 91' lang='lat' dir='ltr'>corum</span> <span class='ocrx_word' id='word_1_181' title='bbox 285 2431 532 2508; x_wconf 87' lang='lat' dir='ltr'>adversarium.</span> <span class='ocrx_word' id='word_1_182' title='bbox 575 2432 710 2527; x_wconf 91' lang='lat' dir='ltr'>Neque</span> <span class='ocrx_word' id='word_1_183' title='bbox 726 2429 812 2502; x_wconf 76' lang='lat' dir='ltr'>vero</span> <span class='ocrx_word' id='word_1_184' title='bbox 832 2435 868 2505; x_wconf 92' lang='lat' dir='ltr'>in</span> <span class='ocrx_word' id='word_1_185' title='bbox 888 2437 1002 2506; x_wconf 88' lang='lat' dir='ltr'>Moto</span> <span class='ocrx_word' id='word_1_186' title='bbox 1020 2438 1093 2508; x_wconf 88' lang='lat' dir='ltr'>ulla</span> <span class='ocrx_word' id='word_1_187' title='bbox 1111 2462 1208 2510; x_wconf 89' lang='lat' dir='ltr'>mora</span> <span class='ocrx_word' id='word_1_188' title='bbox 1225 2440 1318 2532; x_wconf 86' lang='lat' dir='ltr'>suit,</span> <span class='ocrx_word' id='word_1_189' title='bbox 1346 2447 1435 2538; x_wconf 90' lang='lat' dir='ltr'>quin</span> 
     </span>
    </p>

    <p class='ocr_par' dir='ltr' id='par_1_4' title="bbox 21 2524 1440 3794">
     <span class='ocr_line' id='line_1_23' title="bbox 21 2524 1434 2631; baseline 0.001 -23"><span class='ocrx_word' id='word_1_190' title='bbox 21 2524 25 2531; x_wconf 60' lang='grc'><em>’</em></span> <span class='ocrx_word' id='word_1_191' title='bbox 133 2537 231 2608; x_wconf 91' lang='lat' dir='ltr'>hunc</span> <span class='ocrx_word' id='word_1_192' title='bbox 249 2530 380 2627; x_wconf 89' lang='lat' dir='ltr'>Frythi</span> <span class='ocrx_word' id='word_1_193' title='bbox 398 2529 558 2602; x_wconf 87' lang='lat' dir='ltr'>libellum</span> <span class='ocrx_word' id='word_1_194' title='bbox 579 2527 730 2600; x_wconf 87' lang='lat' dir='ltr'>refutare</span> <span class='ocrx_word' id='word_1_195' title='bbox 746 2529 1021 2624; x_wconf 84' lang='lat' dir='ltr'>aggrederetur,</span> <span class='ocrx_word' id='word_1_196' title='bbox 1048 2532 1245 2628; x_wconf 86' lang='lat' dir='ltr'>imprimis,</span> <span class='ocrx_word' id='word_1_197' title='bbox 1272 2539 1354 2631; x_wconf 91' lang='lat' dir='ltr'>quia</span> <span class='ocrx_word' id='word_1_198' title='bbox 1371 2563 1434 2610; x_wconf 91' lang='lat' dir='ltr'>eo·</span> 
     </span>
     <span class='ocr_line' id='line_1_24' title="bbox 135 2625 1438 2721; baseline 0.001 -15"><span class='ocrx_word' id='word_1_199' title='bbox 135 2633 215 2706; x_wconf 90' lang='lat' dir='ltr'>dem</span> <span class='ocrx_word' id='word_1_200' title='bbox 243 2634 307 2703; x_wconf 95' lang='lat' dir='ltr'>illo</span> <span class='ocrx_word' id='word_1_201' title='bbox 335 2628 458 2701; x_wconf 85' lang='lat' dir='ltr'>libello</span> <span class='ocrx_word' id='word_1_202' title='bbox 484 2650 524 2698; x_wconf 91' lang='lat' dir='ltr'>ea</span> <span class='ocrx_word' id='word_1_203' title='bbox 548 2648 692 2721; x_wconf 86' lang='lat' dir='ltr'>quoque</span> <span class='ocrx_word' id='word_1_204' title='bbox 715 2625 813 2697; x_wconf 88' lang='lat' dir='ltr'>circa</span> <span class='ocrx_word' id='word_1_205' title='bbox 832 2627 980 2720; x_wconf 85' lang='lat' dir='ltr'>reliquas</span> <span class='ocrx_word' id='word_1_206' title='bbox 1000 2626 1298 2706; x_wconf 85' lang='lat' dir='ltr'>sacramentorum</span> <span class='ocrx_word' id='word_1_207' title='bbox 1319 2634 1438 2707; x_wconf 83' lang='lat' dir='ltr'>causas</span> 
     </span>
     <span class='ocr_line' id='line_1_25' title="bbox 134 2720 1433 2826; baseline 0.002 -24"><span class='ocrx_word' id='word_1_208' title='bbox 134 2730 355 2826; x_wconf 87' lang='lat' dir='ltr'>protulerat,</span> <span class='ocrx_word' id='word_1_209' title='bbox 389 2747 470 2820; x_wconf 85' lang='lat' dir='ltr'>quae</span> <span class='ocrx_word' id='word_1_210' title='bbox 497 2746 579 2794; x_wconf 90' lang='lat' dir='ltr'>cum</span> <span class='ocrx_word' id='word_1_211' title='bbox 600 2720 874 2797; x_wconf 87' lang='lat' dir='ltr'>Pontificiotum</span> <span class='ocrx_word' id='word_1_212' title='bbox 894 2722 1055 2796; x_wconf 76' lang='lat' dir='ltr'>dodlrina</span> <span class='ocrx_word' id='word_1_213' title='bbox 1072 2729 1256 2801; x_wconf 87' lang='lat' dir='ltr'>conciliari</span> <span class='ocrx_word' id='word_1_214' title='bbox 1275 2754 1347 2803; x_wconf 90' lang='lat' dir='ltr'>non</span> <span class='ocrx_word' id='word_1_215' title='bbox 1368 2757 1433 2826; x_wconf 90' lang='lat' dir='ltr'>po·</span> 
     </span>
     <span class='ocr_line' id='line_1_26' title="bbox 135 2818 1439 2912; baseline 0.005 -11"><span class='ocrx_word' id='word_1_216' title='bbox 135 2846 262 2901; x_wconf 87' lang='lat' dir='ltr'>terant.</span> <span class='ocrx_word' id='word_1_217' title='bbox 298 2824 358 2896; x_wconf 89' lang='lat' dir='ltr'>Sic</span> <span class='ocrx_word' id='word_1_218' title='bbox 385 2822 476 2893; x_wconf 90' lang='lat' dir='ltr'>enim</span> <span class='ocrx_word' id='word_1_219' title='bbox 505 2841 575 2891; x_wconf 89' lang='lat' dir='ltr'>tres</span> <span class='ocrx_word' id='word_1_220' title='bbox 602 2818 670 2892; x_wconf 83' lang='lat' dir='ltr'>esse</span> <span class='ocrx_word' id='word_1_221' title='bbox 696 2818 812 2893; x_wconf 85' lang='lat' dir='ltr'>causas</span> <span class='ocrx_word' id='word_1_222' title='bbox 830 2819 1036 2912; x_wconf 87' lang='lat' dir='ltr'>asseruerat,</span> <span class='ocrx_word' id='word_1_223' title='bbox 1064 2846 1129 2895; x_wconf 90' lang='lat' dir='ltr'>cur</span> <span class='ocrx_word' id='word_1_224' title='bbox 1148 2827 1306 2900; x_wconf 71' lang='lat' dir='ltr'>instituta</span> <span class='ocrx_word' id='word_1_225' title='bbox 1324 2829 1439 2909; x_wconf 72' lang='lat' dir='ltr'>essent.</span> 
     </span>
     <span class='ocr_line' id='line_1_27' title="bbox 137 2916 1435 3016; baseline 0.003 -19"><span class='ocrx_word' id='word_1_226' title='bbox 137 2924 367 2997; x_wconf 87' lang='lat' dir='ltr'>sacramenta:</span> <span class='ocrx_word' id='word_1_227' title='bbox 404 2922 560 2992; x_wconf 88' lang='lat' dir='ltr'>Primam</span> <span class='ocrx_word' id='word_1_228' title='bbox 584 2918 742 3012; x_wconf 87' lang='lat' dir='ltr'>explicat</span> <span class='ocrx_word' id='word_1_229' title='bbox 770 2916 989 3016; x_wconf 82' lang='lat' dir='ltr'>Augustinus</span> <span class='ocrx_word' id='word_1_230' title='bbox 1010 2920 1064 3010; x_wconf 90' lang='lat' dir='ltr'>(b)</span> <span class='ocrx_word' id='word_1_231' title='bbox 1101 2922 1153 2995; x_wconf 91' lang='lat' dir='ltr'>his</span> <span class='ocrx_word' id='word_1_232' title='bbox 1174 2925 1289 2998; x_wconf 88' lang='lat' dir='ltr'>verbis</span> <span class='ocrx_word' id='word_1_233' title='bbox 1309 2949 1435 3001; x_wconf 89' lang='lat' dir='ltr'>contra</span> 
     </span>
     <span class='ocr_line' id='line_1_28' title="bbox 136 3015 1434 3119; baseline 0.003 -25"><span class='ocrx_word' id='word_1_234' title='bbox 136 3019 305 3094; x_wconf 85' lang='lat' dir='ltr'>Faustum</span> <span class='ocrx_word' id='word_1_235' title='bbox 324 3016 496 3091; x_wconf 87' lang='lat' dir='ltr'>scribens:</span> <span class='ocrx_word' id='word_1_236' title='bbox 525 3015 567 3084; x_wconf 92' lang='lat' dir='ltr'>In</span> <span class='ocrx_word' id='word_1_237' title='bbox 584 3019 709 3089; x_wconf 82' lang='lat' dir='ltr'>nullum</span> <span class='ocrx_word' id='word_1_238' title='bbox 727 3039 837 3088; x_wconf 79' lang='lat' dir='ltr'>nomen</span> <span class='ocrx_word' id='word_1_239' title='bbox 854 3020 1020 3114; x_wconf 85' lang='lat' dir='ltr'>religionis</span> <span class='ocrx_word' id='word_1_240' title='bbox 1030 3020 1090 3112; x_wconf 81' lang='lat' dir='ltr'>sert</span> <span class='ocrx_word' id='word_1_241' title='bbox 1107 3045 1223 3092; x_wconf 83' lang='lat' dir='ltr'>verunt</span> <span class='ocrx_word' id='word_1_242' title='bbox 1233 3023 1294 3117; x_wconf 87' lang='lat' dir='ltr'>sen</span> <span class='ocrx_word' id='word_1_243' title='bbox 1304 3026 1434 3119; x_wconf 84' lang='lat' dir='ltr'>falsum</span> 
     </span>
     <span class='ocr_line' id='line_1_29' title="bbox 137 3113 1435 3214; baseline 0.002 -23"><span class='ocrx_word' id='word_1_244' title='bbox 137 3121 304 3214; x_wconf 81' lang='lat' dir='ltr'>coagulari</span> <span class='ocrx_word' id='word_1_245' title='bbox 329 3114 472 3187; x_wconf 85' lang='lat' dir='ltr'>homines</span> <span class='ocrx_word' id='word_1_246' title='bbox 489 3113 640 3204; x_wconf 79' lang='lat' dir='ltr'>poffttnt,</span> <span class='ocrx_word' id='word_1_247' title='bbox 664 3118 727 3206; x_wconf 86' lang='lat' dir='ltr'>nist</span> <span class='ocrx_word' id='word_1_248' title='bbox 733 3117 974 3207; x_wconf 79' lang='lat' dir='ltr'>stgnacnltrnm</span> <span class='ocrx_word' id='word_1_249' title='bbox 981 3115 1043 3205; x_wconf 84' lang='lat' dir='ltr'>stu</span> <span class='ocrx_word' id='word_1_250' title='bbox 1054 3124 1334 3204; x_wconf 77' lang='lat' dir='ltr'>sacramentorum</span> <span class='ocrx_word' id='word_1_251' title='bbox 1352 3129 1435 3204; x_wconf 78' lang='lat' dir='ltr'>vist-</span> 
     </span>
     <span class='ocr_line' id='line_1_30' title="bbox 139 3210 1435 3303; baseline 0.002 -19"><span class='ocrx_word' id='word_1_252' title='bbox 139 3217 254 3286; x_wconf 82' lang='lat' dir='ltr'>silium</span> <span class='ocrx_word' id='word_1_253' title='bbox 272 3213 427 3302; x_wconf 83' lang='lat' dir='ltr'>consortio</span> <span class='ocrx_word' id='word_1_254' title='bbox 444 3210 663 3303; x_wconf 86' lang='lat' dir='ltr'>colligantur,</span> <span class='ocrx_word' id='word_1_255' title='bbox 682 3233 816 3302; x_wconf 87' lang='lat' dir='ltr'>quarum</span> <span class='ocrx_word' id='word_1_256' title='bbox 826 3211 1109 3302; x_wconf 80' lang='lat' dir='ltr'>sacramentorum</span> <span class='ocrx_word' id='word_1_257' title='bbox 1127 3219 1181 3282; x_wconf 84' lang='lat' dir='ltr'>vis</span> <span class='ocrx_word' id='word_1_258' title='bbox 1198 3219 1435 3286; x_wconf 85' lang='lat' dir='ltr'>inenarrabili·</span> 
     </span>
     <span class='ocr_line' id='line_1_31' title="bbox 142 3303 1438 3406; baseline 0.004 -29"><span class='ocrx_word' id='word_1_259' title='bbox 142 3324 195 3380; x_wconf 81' lang='lat' dir='ltr'>ter</span> <span class='ocrx_word' id='word_1_260' title='bbox 216 3310 310 3379; x_wconf 81' lang='lat' dir='ltr'>ualet</span> <span class='ocrx_word' id='word_1_261' title='bbox 328 3312 529 3400; x_wconf 85' lang='lat' dir='ltr'>plurimum,</span> <span class='ocrx_word' id='word_1_262' title='bbox 564 3303 606 3384; x_wconf 69' lang='lat'>&amp;²</span> <span class='ocrx_word' id='word_1_263' title='bbox 624 3305 694 3375; x_wconf 81' lang='lat' dir='ltr'>idea</span> <span class='ocrx_word' id='word_1_264' title='bbox 711 3320 869 3375; x_wconf 81' lang='lat' dir='ltr'>contemta</span> <span class='ocrx_word' id='word_1_265' title='bbox 878 3304 1056 3398; x_wconf 82' lang='lat' dir='ltr'>sacrilegos</span> <span class='ocrx_word' id='word_1_266' title='bbox 1066 3306 1173 3401; x_wconf 85' lang='lat' dir='ltr'>facit.¹</span> <span class='ocrx_word' id='word_1_267' title='bbox 1205 3310 1307 3401; x_wconf 81' lang='lat' dir='ltr'>Impia</span> <span class='ocrx_word' id='word_1_268' title='bbox 1323 3318 1438 3406; x_wconf 84' lang='lat' dir='ltr'>quippe</span> 
     </span>
     <span class='ocr_line' id='line_1_32' title="bbox 144 3399 1439 3500; baseline 0.005 -26"><span class='ocrx_word' id='word_1_269' title='bbox 144 3407 379 3494; x_wconf 79' lang='lat' dir='ltr'>contemnitur,</span> <span class='ocrx_word' id='word_1_270' title='bbox 404 3408 477 3498; x_wconf 84' lang='lat' dir='ltr'>stne</span> <span class='ocrx_word' id='word_1_271' title='bbox 523 3424 566 3472; x_wconf 85' lang='lat' dir='ltr'>ua</span> <span class='ocrx_word' id='word_1_272' title='bbox 586 3399 705 3495; x_wconf 81' lang='lat' dir='ltr'>perfici</span> <span class='ocrx_word' id='word_1_273' title='bbox 726 3423 789 3470; x_wconf 89' lang='lat' dir='ltr'>non</span> <span class='ocrx_word' id='word_1_274' title='bbox 804 3399 907 3493; x_wconf 78' lang='lat' dir='ltr'>potest</span> <span class='ocrx_word' id='word_1_275' title='bbox 921 3403 1031 3493; x_wconf 83' lang='lat' dir='ltr'>pietas</span> <span class='ocrx_word' id='word_1_276' title='bbox 1050 3401 1122 3475; x_wconf 75' lang='lat' dir='ltr'>&amp;c</span> <span class='ocrx_word' id='word_1_277' title='bbox 1157 3409 1278 3477; x_wconf 85' lang='lat' dir='ltr'>Altera</span> <span class='ocrx_word' id='word_1_278' title='bbox 1298 3407 1371 3500; x_wconf 87' lang='lat' dir='ltr'>est,</span> <span class='ocrx_word' id='word_1_279' title='bbox 1399 3433 1439 3487; x_wconf 90' lang='lat' dir='ltr'>ut</span> 
     </span>
     <span class='ocr_line' id='line_1_33' title="bbox 146 3427 1438 3599; baseline 0.007 -29"><span class='ocrx_word' id='word_1_280' title='bbox 146 3496 213 3571; x_wconf 89' lang='lat' dir='ltr'>sint</span> <span class='ocrx_word' id='word_1_281' title='bbox 229 3500 445 3571; x_wconf 87' lang='lat' dir='ltr'>adminicula</span> <span class='ocrx_word' id='word_1_282' title='bbox 461 3427 545 3570; x_wconf 70' lang='lat' dir='ltr'>fisci</span> <span class='ocrx_word' id='word_1_283' title='bbox 565 3495 716 3593; x_wconf 87' lang='lat' dir='ltr'>alicujus</span> <span class='ocrx_word' id='word_1_284' title='bbox 734 3495 770 3566; x_wconf 92' lang='lat' dir='ltr'>in</span> <span class='ocrx_word' id='word_1_285' title='bbox 788 3492 990 3590; x_wconf 62' lang='lat' dir='ltr'>pedoribus</span> <span class='ocrx_word' id='word_1_286' title='bbox 1008 3496 1133 3569; x_wconf 84' lang='lat' dir='ltr'>nostris</span> <span class='ocrx_word' id='word_1_287' title='bbox 1151 3501 1366 3599; x_wconf 83' lang='lat' dir='ltr'>infigendae,</span> <span class='ocrx_word' id='word_1_288' title='bbox 1396 3506 1438 3578; x_wconf 78' lang='lat' dir='ltr'>sn·</span> 
     </span>
     <span class='ocr_line' id='line_1_34' title="bbox 145 3589 1436 3687; baseline 0.005 -20"><span class='ocrx_word' id='word_1_289' title='bbox 145 3593 221 3667; x_wconf 89' lang='lat' dir='ltr'>mul</span> <span class='ocrx_word' id='word_1_290' title='bbox 238 3617 278 3664; x_wconf 85' lang='lat' dir='ltr'>ac</span> <span class='ocrx_word' id='word_1_291' title='bbox 297 3595 553 3667; x_wconf 83' lang='lat' dir='ltr'>confirmandae</span> <span class='ocrx_word' id='word_1_292' title='bbox 572 3591 706 3666; x_wconf 88' lang='lat' dir='ltr'>divinae</span> <span class='ocrx_word' id='word_1_293' title='bbox 725 3589 972 3687; x_wconf 86' lang='lat' dir='ltr'>promiffionis.</span> <span class='ocrx_word' id='word_1_294' title='bbox 1003 3596 1073 3668; x_wconf 89' lang='lat' dir='ltr'>Sed</span> <span class='ocrx_word' id='word_1_295' title='bbox 1092 3598 1187 3667; x_wconf 90' lang='lat' dir='ltr'>hunc</span> <span class='ocrx_word' id='word_1_296' title='bbox 1204 3599 1436 3674; x_wconf 83' lang='lat' dir='ltr'>sacramento·</span> 
     </span>
     <span class='ocr_line' id='line_1_35' title="bbox 145 3687 1440 3794; baseline 0.005 -29"><span class='ocrx_word' id='word_1_297' title='bbox 145 3714 223 3765; x_wconf 88' lang='lat' dir='ltr'>rum</span> <span class='ocrx_word' id='word_1_298' title='bbox 251 3687 348 3761; x_wconf 86' lang='lat' dir='ltr'>usum</span> <span class='ocrx_word' id='word_1_299' title='bbox 376 3691 481 3764; x_wconf 90' lang='lat' dir='ltr'>multi</span> <span class='ocrx_word' id='word_1_300' title='bbox 508 3689 609 3784; x_wconf 90' lang='lat' dir='ltr'>sunt,</span> <span class='ocrx_word' id='word_1_301' title='bbox 644 3691 705 3787; x_wconf 90' lang='lat' dir='ltr'>qui</span> <span class='ocrx_word' id='word_1_302' title='bbox 732 3688 915 3783; x_wconf 88' lang='lat' dir='ltr'>nesciunt,</span> <span class='ocrx_word' id='word_1_303' title='bbox 950 3690 1090 3786; x_wconf 88' lang='lat' dir='ltr'>plures,</span> <span class='ocrx_word' id='word_1_304' title='bbox 1117 3696 1178 3789; x_wconf 90' lang='lat' dir='ltr'>qui</span> <span class='ocrx_word' id='word_1_305' title='bbox 1197 3719 1378 3794; x_wconf 86' lang='lat' dir='ltr'>perperam</span> <span class='ocrx_word' id='word_1_306' title='bbox 1399 3723 1440 3771; x_wconf 86' lang='lat' dir='ltr'>ac</span> 
     </span>
    </p>
   </div>
   <div class='ocr_carea' id='block_1_3' title="bbox 1349 3817 1473 3892">
    <p class='ocr_par' dir='ltr' id='par_1_5' title="bbox 1349 3817 1473 3892">
     <span class='ocr_line' id='line_1_36' title="bbox 1349 3817 1473 3892; baseline -0.016 -24"><span class='ocrx_word' id='word_1_307' title='bbox 1349 3817 1443 3892; x_wconf 82' lang='lat' dir='ltr'>prae·</span> <span class='ocrx_word' id='word_1_308' title='bbox 1468 3863 1473 3866; x_wconf 82' lang='grc'><strong>,</strong></span> 
     </span>
    </p>
   </div>
   <div class='ocr_carea' id='block_1_4' title="bbox 187 3903 1267 4079">
    <p class='ocr_par' dir='ltr' id='par_1_6' title="bbox 187 3903 1267 4079">
     <span class='ocr_line' id='line_1_37' title="bbox 187 3903 1267 3996; baseline 0.004 -23"><span class='ocrx_word' id='word_1_309' title='bbox 187 3910 237 3990; x_wconf 87' lang='lat' dir='ltr'>(a)</span> <span class='ocrx_word' id='word_1_310' title='bbox 263 3903 431 3973; x_wconf 84' lang='lat' dir='ltr'>FOXUS</span> <span class='ocrx_word' id='word_1_311' title='bbox 449 3925 507 3970; x_wconf 90' lang='lat' dir='ltr'>rer.</span> <span class='ocrx_word' id='word_1_312' title='bbox 522 3905 552 3971; x_wconf 92' lang='lat' dir='ltr'>in</span> <span class='ocrx_word' id='word_1_313' title='bbox 569 3903 693 3974; x_wconf 88' lang='lat' dir='ltr'>Eccles.</span> <span class='ocrx_word' id='word_1_314' title='bbox 710 3907 819 3996; x_wconf 82' lang='lat' dir='ltr'>gesat.</span> <span class='ocrx_word' id='word_1_315' title='bbox 835 3923 1011 3977; x_wconf 86' lang='lat' dir='ltr'>comment.</span> <span class='ocrx_word' id='word_1_316' title='bbox 1027 3909 1087 3976; x_wconf 86' lang='lat' dir='ltr'>sos.</span> <span class='ocrx_word' id='word_1_317' title='bbox 1108 3910 1177 3976; x_wconf 85' lang='lat'>128.</span> <span class='ocrx_word' id='word_1_318' title='bbox 1197 3932 1267 3994; x_wconf 82' lang='lat'>¹29·</span> 
     </span>
     <span class='ocr_line' id='line_1_38' title="bbox 187 3989 625 4079; baseline -0.021 -17"><span class='ocrx_word' id='word_1_319' title='bbox 187 3997 238 4079; x_wconf 89' lang='lat' dir='ltr'>(b)</span> <span class='ocrx_word' id='word_1_320' title='bbox 263 3992 289 4060; x_wconf 88' lang='lat' dir='ltr'>F</span> <span class='ocrx_word' id='word_1_321' title='bbox 294 3989 363 4059; x_wconf 88' lang='grc' dir='ltr'>ΟΧ</span> <span class='ocrx_word' id='word_1_322' title='bbox 383 3993 405 4055; x_wconf 86' lang='lat' dir='ltr'>s.</span> <span class='ocrx_word' id='word_1_323' title='bbox 423 4009 452 4055; x_wconf 91' lang='lat' dir='ltr'>c.</span> <span class='ocrx_word' id='word_1_324' title='bbox 476 3989 535 4058; x_wconf 84' lang='lat' dir='ltr'>sol.</span> <span class='ocrx_word' id='word_1_325' title='bbox 555 4005 625 4074; x_wconf 87' lang='lat'><strong>¹30·</strong></span> 
     </span>
    </p>
   </div>
   <div class='ocr_carea' id='block_1_5' title="bbox 0 0 1667 4456">
    <p class='ocr_par' dir='ltr' id='par_1_7' title="bbox 0 0 1667 4456">
     <span class='ocr_line' id='line_1_39' title="bbox 0 0 1667 4456; baseline 0 0"><span class='ocrx_word' id='word_1_326' title='bbox 0 0 1667 4456; x_wconf 95' lang='lat' dir='ltr'> </span> 
     </span>
    </p>
   </div>
  </div>
 </body>
</html>
