3322 4456
153 319 402 418 ·J0.Frythut.
490 319 527 390 R
578 317 611 390 E
660 313 701 388 N
752 313 788 385 Ο
839 309 875 383 V
927 314 958 384 Α
1007 313 1053 385 T·
1093 315 1123 387 l.
1386 309 1447 384 rllr

204 445 337 542 Neque
364 463 449 513 vero
477 438 549 534 ipse
576 460 715 513 tantum
743 438 827 508 Rex
857 433 1020 504 Lutlrero
1046 438 1309 528 adversabatur,
1336 434 1391 507 sed
1413 438 1450 513 δε

155 539 303 614 Ertrmo
322 535 572 610 Roterodamo
592 536 716 606 eodem
737 532 800 601 illo
819 550 981 622 tempore
1002 531 1045 598 Α.
1062 555 1161 626 ¹524·
1189 534 1389 628 persuadet,
1409 553 1450 606 ut

155 635 285 734 stylum
308 634 455 728 stringat
475 629 637 703 adversus
657 628 882 709 Lutberum3
907 625 1060 715 Jamque
1079 631 1297 702 minabantur
1315 631 1449 728 Angli,

153 755 260 826 atque
277 734 368 801 inter
383 751 442 798 eos
454 730 631 798 Cutbertur
642 722 843 816 Tonstallur,
865 720 1062 814 Episcopus
1076 721 1327 816 Londincnsrs,
1342 733 1449 823 'cujus

153 828 332 901 virulenta
367 820 446 894 satis
480 844 520 892 ea
545 821 589 891 de
616 841 652 892 re
678 819 810 914 legitur
836 815 879 888 ad
907 819 1152 908 Erasmum(a)
1190 818 1374 912 Epistola,
1416 820 1449 895 se

152 922 312 997 salarium
340 939 523 1007 annuum,
566 932 638 1009 quo
664 913 871 1003 fruebatur,
916 911 979 1007 ipsr
1006 909 1270 1003 sulrtrailuros‚
1304 917 1338 985 ni
1366 916 1449 990 scri·

154 1018 277 1106 beret,
313 1034 419 1108 atque
442 1010 605 1084 testatum
625 1010 777 1102 faceret,
803 1008 901 1110 quod
915 1004 1142 1104 juratillimus
1160 1005 1243 1081 esset
1263 1010 1449 1106 Luthero,

155 1113 251 1186 unde
278 1109 392 1183 mense
418 1105 573 1181 Odiobri
598 1112 636 1181 de
661 1111 782 1183 Libero
807 1110 948 1179 arbr'trio
966 1126 1091 1179 contra
1107 1104 1309 1179 Lutherum
1329 1105 1449 1183 diatri-

156 1208 226 1282 ben
243 1230 352 1304 poene
370 1207 501 1278 invitus
520 1203 576 1297 (b)
602 1207 768 1278 emittere
785 1202 922 1277 debuit.

203 1316 233 1390 §.
249 1302 374 1376 [ΝΠ.
394 1302 469 1376 Sub
481 1300 572 1374 idem
585 1320 727 1397 tempus
739 1351 750 1388 ‚
762 1299 942 1372 duumviri
956 1295 1135 1392 lingularis
1147 1298 1335 1392 probitatis
1345 1318 1452 1395 atque

14 1409 17 1413 '
154 1399 325 1472 ilodlrinte
353 1398 456 1470 laude
484 1397 680 1490 florebant,
715 1397 886 1488 Johanner
914 1395 1171 1467 FRYTHUS
1194 1397 1230 1469 bt
1249 1396 1451 1470 Wlhelmus
1519 1417 1528 1425 ·

153 1493 520 1587 TYNDALLUS‚
551 1496 695 1587 utrique
713 1493 847 1586 tlngli,
873 1514 961 1587 quos
979 1491 1021 1559 ab
1040 1491 1223 1563 oblivione
1241 1493 1450 1586 hominum,

154 1616 237 1664 cum
263 1614 386 1663 eorum
406 1613 513 1685 opera
531 1590 654 1662 multis
673 1586 788 1660 modis
806 1588 1073 1659 Reformationi
1092 1589 1304 1684 Anglicanae
1322 1589 1448 1665 saluta·

152 1690 200 1761 ris
226 1687 335 1761 fuerit
362 1712 403 1760 ac
431 1686 614 1785 proficua,
649 1708 690 1758 ut
715 1685 959 1777 vindicemus,
990 1704 1071 1756 ante
1089 1687 1208 1757 omnia
1226 1687 1368 1759 videtur
1387 1712 1449 1761 ne·

152 1783 349 1859 cellarium.
380 1854 383 1859 ,
708 1861 710 1865 ,
1265 1794 1269 1800 ’

198 1884 323 1971 Prior,
353 1882 526 1975 Johannes
544 1878 803 1952 FRYTHUS
832 1877 1006 1972 imprimis
1025 1877 1207 1974 religionis
1227 1876 1317 1951 fama
1335 1879 1450 1953 clarus

151 1975 243 2069 fuit,
278 2002 491 2073 quamquam
518 1977 546 2049 is
572 2001 715 2073 quoque
742 1977 933 2048 admodum
955 1976 1102 2068 Juvenis
1121 1973 1348 2049 tristissimum
1369 1977 1449 2049 lon·
1547 1983 1550 1991 '

151 2096 267 2168 geque
286 2073 560 2167 indignillrmum
580 2074 695 2144 subire
713 2073 875 2145 debuerit
893 2072 1130 2167 supplicium
1163 2073 1312 2145 Dicitur
1330 2076 1448 2148 autem'

54 2249 56 2253 ἲ
154 2171 181 2234 is
201 2189 299 2237 tanta
317 2167 474 2235 floruille
492 2168 700 2236 eruditionis
720 2167 843 2255 laude,
870 2187 910 2237 ut
929 2171 965 2237 in
984 2169 1082 2238 omni
1101 2169 1278 2241 literarum
1298 2171 1448 2266 politio·

153 2282 232 2330 rum
260 2260 472 2332 excellentia
500 2261 536 2328 &
564 2262 679 2354 gloria
705 2261 765 2328 vix
786 2262 948 2332 habuerit
967 2263 1060 2354 opud
1080 2261 1157 2334 suos
1175 2287 1214 2334 ea
1231 2287 1327 2337 certe
1344 2288 1451 2341 aetate

153 2378 296 2450 parem,
323 2373 420 2424 tanta
438 2354 603 2445 deinceps
624 2351 754 2423 fulsrlle
773 2357 927 2446 pietate,
947 2377 987 2429 ut
1007 2359 1140 2442 utrain
1159 2379 1257 2450 parte
1276 2363 1462 2444 laudatior

152 2453 282 2544 fuerit,
300 2473 410 2544 quum
430 2471 580 2540 utraque
597 2448 681 2521 ellet
701 2449 970 2542 laudatillrmus,
987 2451 1134 2523 difficile
1150 2453 1248 2524 oreta
1261 2455 1314 2524 fit.
1342 2459 1448 2527 Oxo·

151 2552 221 2620 niae
241 2550 292 2637 (c)
329 2548 442 2643 igitur
471 2546 623 2637 primum
651 2544 776 2616 versari
804 2548 838 2615 in
854 2545 979 2626 ,studiis
998 2548 1136 2641 coepit,
1162 2551 1337 2619 enutritus
1356 2553 1391 2620 in
1410 2573 1453 2624 ert

151 2670 191 2718 ea
215 2644 358 2731 schola,
392 2666 498 2736 quam
527 2648 652 2715 Aulam
677 2641 727 2712 illi
756 2642 935 2738 appellant
958 2647 1169 2719 Marianam.
1213 2645 1260 2717 Et
1280 2643 1449 2743 refertur,

150 2768 231 2815 eum
256 2743 275 2812 d
295 2761 418 2811 natura
439 2738 604 2834 singulari
621 2763 740 2810 amore
760 2738 918 2834 flagrasse
935 2764 1019 2838 erga
1038 2741 1217 2812 literarum
1237 2744 1365 2837 quibus
1385 2743 1448 2818 de·

150 2839 344 2912 stinabatur
377 2836 518 2921 studia,
552 2834 723 2908 acceffille
750 2837 918 2931 deinceps
944 2839 1077 2933 ingenii
1106 2836 1313 2911 facilitatem
1342 2861 1452 2938 atque

149 2934 449 3032 promritudinem
470 2930 676 3027 singularem
696 2931 738 3003 ad
758 2935 955 3025 arripienda
973 2958 1053 3026 quae
1066 2936 1447 3031 proponebanturom·

149 3035 228 3124 nia,
263 3031 485 3126 diligentiam
512 3028 665 3123 denique
687 3049 792 3123 atque
809 3029 1037 3102 alliduitatem
1060 3056 1160 3127 paene
1179 3036 1451 3130 incredibilem,

150 3153 222 3225 quo
241 3126 372 3199 factum
392 3125 521 3212 fuerit,
541 3144 581 3196 ut
599 3149 670 3197 non
689 3147 759 3198 tam
779 3126 886 3199 fuerit
906 3131 1092 3222 ortopolis,
1113 3153 1217 3224 quam
1237 3130 1336 3201 brevi
1357 3153 1448 3205 tem·

151 3225 248 3321 potis
266 3223 380 3315 spatio
396 3221 541 3294 evaserit
558 3222 752 3315 annonariae:

199 3318 256 3391 Eo
282 3319 319 3388 in
347 3318 551 3409 curriculo,
577 3339 686 3413 quum
705 3340 768 3412 per
786 3319 922 3414 aliquot
939 3341 1047 3389 annos
1065 3319 1098 3390 se
1117 3319 1350 3414 exercuillet‚
1375 3346 1448 3398 non

755 3413 787 3484 Ζ
817 3435 832 3510 3
1378 3421 1450 3496 fine

192 3574 242 3650 (a)
268 3570 351 3634 Inter
367 3568 519 3653 Epistulas
536 3569 660 3638 Erasmi
675 3572 799 3633 volum.
821 3569 845 3633 1.
873 3567 930 3651 Ep·
950 3572 1021 3650 656·
1048 3591 1077 3650 Ρ·
1094 3587 1165 3650 771·
1184 3586 1255 3652 772.
1457 3618 1463 3629 ·

194 3653 246 3732 (b)
271 3650 365 3716 Certe
389 3653 449 3731 ipse
473 3651 705 3722 ERASMUS
729 3654 759 3715 in
778 3651 872 3734 Epist.
891 3656 927 3715 ad
948 3652 1029 3719 Lod.
1048 3655 1163 3719 Vivem
1180 3657 1309 3736 fatetur,
1325 3659 1360 3738 se
1376 3660 1448 3722 dam

153 3738 189 3802 le
213 3733 304 3795 libero
326 3736 454 3796 arbitrio
469 3736 638 3816 scriberet,
669 3736 799 3800 liberum
823 3737 986 3800 arbitrium
1000 3736 1185 3825 perdidrffi,
1208 3739 1297 3803 aliud
1302 3741 1364 3818 fibi
1379 3746 1448 3805 ani·

153 3842 238 3887 mum
256 3815 395 3896 ditasse,
421 3815 510 3878 aliud
515 3819 661 3905 scripfiffe
678 3818 839 3884 calamum.

195 3904 248 3986 (c)
273 3898 374 3966 cont.
390 3897 560 3968 FOXUS
584 3902 616 3972 itt
632 3901 878 3972 Commentariis
894 3922 953 3972 rer.
970 3902 1078 3990 geder.
1095 3907 1126 3972 in
1142 3903 1285 3974 Ecclefia
1299 3903 1358 3969 fol.
1377 3919 1449 3985 ιη.
