3322 4456
749 320 859 421 (su)

151 462 330 628 gprffifufflp
356 463 570 555 Credimus,
602 461 722 557 Jesurn
749 461 935 537 Christum
957 461 1159 558 judicatum
1178 483 1369 542 venturum
1392 466 1451 583 l'u·

151 611 235 648 ventu.
359 562 519 660 perstites
546 584 587 634 ac
607 580 770 634 mortuos
786 559 890 632 semel
909 561 1097 656 aliquando
1114 580 1278 636 extremo
1295 566 1372 662 ipso
1410 589 1452 639 u·

150 666 237 737 dicii
265 662 352 752 die,
388 662 450 756 qui
477 659 620 754 quidem
648 656 710 728 soli
739 657 823 730 Deo
852 656 1051 753 perspedlus
1078 660 1356 757 exploratasque
1383 591 1406 735 ll

152 761 379 847 Venturum,
418 759 582 848 inquam,
618 778 699 826 cum
729 755 765 825 in
785 756 904 851 Regia
922 757 979 826 sua
997 753 1198 849 majestate,
1227 759 1452 854 Angelorum

152 860 330 930 comitatu
358 857 519 950 septum,
545 855 587 923 ad
605 851 782 946 judicium
803 855 900 924 orbis
917 851 1069 925 universi
1090 850 1380 927 constituendum
1396 867 1451 929 at·'

151 977 222 1046 que
241 949 561 1048 pronunciandum.

151 1054 188 1130 lJe
203 1050 309 1181 spiriru]

149 1118 240 1167 sautclo.

337 1048 527 1119 Credimus
555 1046 590 1115 in
619 1045 794 1138 Spiritum
821 1042 1000 1137 landum,
1028 1046 1348 1142 tertiamejusdem
1368 1070 1452 1123 cum

341 1148 443 1215 Patre
470 1145 506 1215 δι
535 1143 630 1212 Filio
658 1143 790 1213 dirinae
817 1140 971 1215 essentiae
1000 1142 1211 1237 personam,
1251 1167 1296 1217 ex
1324 1146 1450 1221 eodem

148 1242 253 1315 Patre
278 1239 447 1338 Filidque
474 1262 700 1330 manantem,
740 1240 883 1333 utrique
909 1263 1033 1313 eorum
1055 1241 1250 1335 aequalem,
1286 1241 1415 1339 depuls
1434 1282 1451 1301 ·

150 1363 224 1411 rem
255 1339 495 1410 molestiarum
524 1342 707 1428 omnium,
734 1334 993 1410 consolatorem
1013 1341 1159 1409 unicum
1179 1341 1322 1410 humani
1341 1361 1453 1436 gene·

151 1440 219 1508 ris:
247 1439 350 1530 cujus
370 1433 537 1506 instiuuu
556 1432 663 1506 saudli
685 1435 919 1526 l’atriarclrae,
946 1457 1067 1506 omues
1088 1435 1280 1532 Propheta:
1292 1434 1451 1532 Aposto-

150 1534 248 1628 lique
277 1534 428 1604 Domini
457 1533 565 1602 nostri
588 1531 669 1624 Jesu
689 1531 825 1604 Christi
845 1531 985 1626 loquuti
1004 1529 1102 1603 sunt:
1132 1555 1317 1627 perquem
1338 1532 1453 1609 lausto

152 1628 314 1703 Ecclesia
332 1631 430 1702 omui
451 1650 613 1722 tempore
630 1629 1078 1722 constituta&gubemata
1097 1627 1178 1701 fuit.
1207 1631 1282 1701 Hic
1301 1629 1449 1707 estdoc·

150 1746 210 1799 tor
236 1729 423 1824 syncerus‚
458 1729 561 1822 cujus
587 1723 706 1798 afflatu
735 1743 857 1798 omnes
877 1722 1068 1797 Christiani
1087 1727 1249 1799 veritatis
1268 1729 1451 1825 cognitio·

150 1847 231 1896 nem
261 1826 411 1898 habent:
444 1825 502 1895 hic
524 1823 678 1917 Spiritus
697 1825 734 1893 in
752 1821 834 1917 ipsis
854 1823 1011 1915 habitat,
1038 1845 1245 1920 regenerans
1262 1848 1322 1899 cos
1340 1828 1377 1899 ira
1396 1827 1452 1900 vis

148 1940 222 1994 tam
251 1947 405 2012 novam,
440 1941 596 1994 veterem
625 1921 807 1991 homiuem
837 1922 871 1993 in
899 1921 940 1993 iis
968 1921 1213 2013 mortificans,
1238 1923 1453 2021 eosdemque

149 2019 339 2091 vivificans
356 2021 398 2091 ad
418 2041 525 2090 omne
542 2040 632 2112 opus
647 2017 806 2108 bonum,
826 2015 1123 2091 inafflisliouibus
1141 2017 1345 2112 consolans,
1364 2045 1453 2095 con·

150 2113 296 2185 firmans
323 2118 360 2184 in
387 2116 577 2202 aerumnis,
607 2115 668 2206 qui
687 2113 754 2184 suis
772 2112 867 2184 adest
885 2114 921 2183 in
941 2115 1044 2185 rebus
1062 2114 1234 2206 aduersis,
1260 2117 1457 2197 testificans
1508 2118 1512 2126 ’

149 2231 210 2280 eos
228 2208 297 2281 esse
315 2207 410 2282 filios
431 2209 501 2280 Dei
519 2216 583 2305 per
601 2209 854 2304 adoptionem,
881 2207 1030 2282 caelestis
1043 2210 1262 2286 haereditatis
1279 2216 1455 2310 cumJesu

149 2303 299 2379 Christo
316 2307 519 2402 participes.
894 2368 897 2372 a

149 2404 300 2537 {effi
330 2402 581 2477 Credimusne
600 2396 817 2473 confitemur
835 2397 985 2473 sandbam
1007 2400 1202 2476 Ecclesiam
1222 2405 1455 2505 catholicam,

172 2484 224 2521 ⁰⁰⁸
257 2507 263 2521 '
329 2524 410 2599 quae
429 2499 480 2571 est
499 2497 736 2594 congregatio
755 2498 793 2572 &
811 2518 931 2570 coetus
947 2500 1109 2571 omnium
1121 2501 1206 2575 vere
1216 2502 1455 2603 credentium,

150 2593 334 2689 fidelium,
369 2600 407 2672 dc
434 2594 628 2670 eledlorum
659 2592 731 2666 Dei
757 2595 817 2691 qui
837 2594 983 2667 fuerunt
1002 2594 1023 2668 al
1041 2600 1221 2696 principio
1240 2601 1387 2696 muudi,
1415 2604 1454 2681 bt

150 2713 257 2767 erunt
276 2694 447 2792 usquead
466 2693 597 2766 finem:
626 2692 729 2790 cujus
746 2692 889 2787 quidem
911 2692 1084 2767 Ecclesrae
1099 2694 1198 2787 Jesus
1218 2696 1383 2773 Christus
1401 2698 1454 2776 est

149 2811 284 2889 caput,
314 2793 516 2865 concilians
541 2812 617 2861 earn
638 2787 702 2860 srbi
721 2787 899 2882 persuum
920 2791 1119 2889 Spiritum,
1144 2817 1293 2890 eamque
1311 2795 1453 2892 sceptro

148 2890 251 2963 verbi
278 2887 329 2963 sui
353 2911 501 2987 regens,
528 2909 600 2959 una
624 2886 818 2984 eademque
845 2888 1030 2961 voluntate
1056 2913 1098 2962 ac
1125 2889 1250 2990 spiritu
1268 2917 1345 2966 eam
1364 2918 1454 2971 con·

147 2988 299 3085 'ungens
317 2987 466 3061 vinculo
484 2984 569 3067 fidei
589 2983 625 3058 &
645 2983 839 3058 charitatis.
865 2985 1002 3059 Omnia
1019 2989 1139 3084 itaque
1157 2989 1330 3064 Ecclesrae
1342 3014 1454 3067 mem·

141 3011 214 3157 bra
229 3082 445 3184 conjuudla,
467 3099 582 3156 'unum
603 3080 748 3174 Deum,
767 3084 805 3158 &
824 3103 934 3178 caput
951 3104 1062 3157 unum
1082 3108 1123 3158 ac
1143 3087 1375 3162 mediatorem
1392 3084 1453 3185 Je-

148 3179 225 3253 surn
253 3183 439 3254 Christum
467 3177 688 3276 agnoscunt,
721 3201 827 3252 unam
857 3180 963 3252 sidem
984 3204 1024 3254 ac
1048 3181 1163 3276 legem
1183 3183 1335 3277 babent,
1361 3210 1453 3264 unus

148 3276 193 3349 iis
211 3272 261 3349 est
280 3278 506 3371 Baptismus,
532 3277 570 3351 &
589 3274 709 3346 eadem
730 3274 844 3348 mensa
863 3275 1074 3370 spiritualis,
1093 3280 1130 3348 in
1149 3302 1217 3374 qua
1237 3279 1329 3354 idem
1350 3280 1453 3363 cibus'

146 3397 190 3448 ac
214 3389 321 3472 potus
339 3373 529 3470 spiritualis
547 3373 776 3470 proponitur.
825 3372 897 3445 Pro
915 3372 980 3445 hac
999 3371 1161 3446 Ecclesra
1178 3376 1343 3452 Christus
1361 3380 1453 3479 seip-

146 3470 223 3545 sum
247 3470 395 3544 tradidit
414 3491 455 3544 ut
474 3493 550 3544 eam
568 3466 823 3559 sanstihcaret,
850 3468 1021 3543 mundans
1038 3470 1180 3546 lavacro
1199 3498 1300 3572 aquae
1320 3479 1355 3548 in
1373 3500 1472 3565 ver·,

148 3567 224 3642 bo:
260 3586 301 3640 ut
330 3564 461 3642 sisteret
487 3591 563 3641 eam
592 3565 657 3640 fibi
684 3563 875 3666 gloriosam
903 3563 1129 3664 Ecclesiam,
1162 3595 1236 3644 non
1262 3575 1453 3652 habentem

149 3662 325 3737 maculam
352 3683 414 3736 aut
438 3687 587 3764 rugam,
621 3687 682 3738 aut
708 3666 898 3762 quicquam
918 3666 1009 3739 tale:
1044 3663 1101 3738 sed
1119 3687 1160 3740 ut
1178 3667 1262 3743 esl'et
1279 3668 1394 3747 saneta
1413 3674 1453 3752 δε

149 3759 476 3856 irreprehenfibilis.
520 3761 605 3836 Sola
622 3786 687 3835 cor
714 3765 807 3855 oris,
834 3763 948 3838 caruis
966 3764 1004 3838 ὅ(
1024 3761 1147 3839 o'ffium
1167 3766 1274 3862 ipsius
1293 3770 1454 3857 membra

146 3863 184 3938 in
209 3856 326 3935 sanda
352 3855 538 3936 censentur
565 3858 658 3935 Eccl
709 3860 931 4030 arhpxulaut
956 3859 1042 3937 hinc
1066 3860 1209 3961 superbi
1231 3866 1454 3961 Pharaonem

827 3980 850 4033 2
1371 3985 1452 4060 pet·

1411 683 1557 736 t:·
