3322 4456
691 335 821 435 (²33·)

594 620 714 695 Num.
740 619 916 694 XLIV.

385 760 1154 910 nnnnnnlnoemons

304 1002 406 1076 quam
426 955 700 1062 meditabundtts
719 980 843 1084 eleusis
861 979 997 1070 oculis,
1022 997 1207 1075 antequam

428 1121 548 1198 ageret
565 1103 739 1211 enimam,
766 1100 859 1174 fudit
877 1101 919 1173 ad
939 1100 1082 1191 Deum,

576 1219 646 1289 Ao.
666 1214 801 1290 Christi
824 1236 929 1311 1553·

113 1418 203 1586 O
233 1409 391 1482 Domine
418 1411 540 1502 Deus,
566 1411 663 1506 eripe
681 1433 737 1484 me
753 1433 798 1482 ex
816 1409 881 1480 hac
900 1405 1021 1479 misera
1039 1405 1075 1478 &
1094 1400 1328 1477 molestiffima
1346 1404 1401 1476 vi·

231 1525 288 1597 ta,
317 1527 423 1602 atque
439 1509 476 1578 in
493 1526 631 1579 coetum
651 1504 844 1579 elediorum
865 1524 1009 1576 tuorum
1029 1503 1188 1596 recipias.
1232 1505 1403 1574 Attamen

104 1627 184 1676 non
201 1601 298 1700 quod
318 1603 425 1692 volo,
451 1602 508 1675 sed
528 1624 589 1676 tua
605 1602 711 1677 soiius
729 1603 892 1674 voluntas
910 1599 985 1672 fiat.
1012 1599 1049 1669 Ο
1066 1598 1225 1669 Domine
1243 1597 1308 1669 tibi
1327 1599 1401 1669 ani·

105 1722 203 1772 mam
223 1724 336 1773 meam
355 1699 583 1772 commendo.
612 1701 676 1772 Tu
696 1700 855 1772 Domine
873 1694 988 1787 nosti,
1014 1717 1119 1792 quom
1139 1693 1225 1767 felix
1242 1718 1283 1766 ac
1300 1693 1403 1768 beato

107 1793 203 1868 foret
223 1820 300 1869 mea
318 1796 504 1887 conditio,
531 1794 555 1865 fi
574 1814 694 1868 tecum
713 1793 832 1867 essem.

156 1891 226 1966 Sed
254 1895 290 1964 in
317 1894 467 1989 gratiam
496 1890 691 1964 elestorum
718 1909 863 1963 tuorum
890 1885 984 1961 serva
1009 1889 1118 1959 vitam
1138 1887 1249 1979 hanc,
1275 1910 1402 1984 meque

106 1987 268 2084 pristina:
287 1990 423 2060 sanitati
443 1988 645 2079 restituito,
671 2007 711 2058 ut
731 1987 853 2081 pofftm
872 1984 1027 2057 fideliter
1044 1986 1110 2056 tibi
1128 1984 1304 2058 inservire.
1395 2038 1400 2049 .

155 2084 215 2152 nh
241 2085 290 2152 mi
320 2085 499 2173 Domine,
533 2084 708 2178 benignus
735 2085 771 2154 &
800 2082 979 2175 propitius
1001 2079 1074 2149 esto
1093 2081 1230 2172 populo
1250 2102 1335 2174 tuo,
1360 2106 1402 2156 ac

105 2176 370 2249 haeteditarium
399 2198 500 2246 tuum
528 2201 678 2272 regnum
696 2174 803 2246 serva.
847 2175 906 2245 Ah
927 2175 1085 2246 Domine
1105 2176 1223 2246 Deus:
1251 2177 1348 2248 serva
1365 2203 1402 2250 e·

104 2271 238 2345 iefiium
265 2273 439 2368 populum
460 2292 561 2342 tuum
584 2271 837 2366 Anglicanum.
881 2271 939 2341 Ah
957 2272 1006 2340 mi
1027 2270 1185 2341 Domine
1204 2271 1302 2342 Deus
1321 2293 1401 2345 tue·

105 2393 145 2443 re
162 2371 232 2441 hoc
250 2392 422 2467 regnum,
446 2388 553 2462 atque
569 2368 612 2440 ab
628 2391 672 2439 eo
691 2370 891 2465 papismum
910 2365 1128 2462 prohibeto;
1156 2369 1192 2441 ὃ(
1212 2392 1327 2440 veram
1346 2394 1401 2442 te·

106 2466 280 2560 ligionem
300 2491 339 2537 ac
359 2486 485 2561 putum
506 2465 660 2536 nominis
679 2466 731 2535 tui
750 2464 890 2539 cultum
910 2461 1115 2555 defendite,
1142 2462 1402 2559 quovaleamus

103 2584 176 2656 ego
204 2564 240 2637 &
261 2565 415 2656 populus
433 2585 530 2635 meus
546 2562 687 2635 laudare
705 2585 746 2635 ac
765 2562 940 2636 celebrate
960 2559 1226 2636 sacronnetum
1248 2563 1399 2637 Nomen

105 2657 245 2731 Tuum.
262 2657 317 2752 (b)
368 2661 497 2730 Amen.

713 3033 793 3132 Ge

145 3264 194 3340 (a)
219 3262 311 3324 Hane
337 3262 446 3324 damus
471 3282 507 3326 ex
534 3264 668 3327 editione
683 3262 851 3330 Valerandi
867 3262 1069 3341 POLANI,
1099 3265 1152 3346 qui
1169 3283 1237 3327 eom
1256 3266 1399 3349 premisit

101 3346 426 3440 AdiisDispietationis
442 3344 640 3423 Londinensts
649 3346 707 3424 sub
723 3346 833 3409 Maria
851 3347 971 3431 Regina
987 3348 1092 3412 habite
1109 3347 1151 3410 A.
1165 3364 1256 3428 1553.
1282 3350 1320 3411 de
1337 3369 1400 3432 qua

102 3429 174 3492 vide
190 3430 344 3491 Scrinium
361 3429 450 3510 nostr.
467 3431 623 3518 antiquar.
647 3429 747 3493 Tom.
767 3431 826 3495 lli.
852 3430 887 3495 P.
907 3431 933 3494 I.

142 3530 194 3608 (b)
218 3528 288 3591 Post
312 3528 401 3592 horas
424 3544 483 3594 tres
508 3531 645 3594 animam
671 3528 745 3594 Deo
763 3531 924 3596 reddidiffe
942 3531 1072 3613 dicitur,
1096 3552 1172 3596 cnm
1190 3532 1233 3598 his
1251 3533 1350 3597 verbis
1369 3533 1399 3597 dt

102 3610 187 3673 brevi
205 3614 456 3692 precatiuncula:
481 3612 558 3693 Jam
576 3613 653 3676 mihi
669 3614 816 3696 deficiunt
832 3616 927 3678 vires.
968 3615 993 3679 0
1014 3614 1146 3681 Domini
1163 3618 1398 3698 misereremei,

100 3708 192 3778 atque
209 3694 286 3756 hanc
304 3698 438 3757 animam
455 3700 594 3782 accipito.
619 3717 650 3763 v.
671 3698 699 3762 V
705 3701 778 3764 aler.
796 3697 898 3764 POL.
923 3704 944 3763 l.
963 3720 991 3764 c.
