3322 4456
37 300 44 312 ·
141 280 309 392 nrm.
369 226 412 315 '.
474 230 517 361 n
564 277 691 357 ΕΝ
741 278 780 354 o
828 277 948 399 vza
998 284 1041 361 τ.
1086 287 1116 363 1.
1377 294 1451 399 ,μ’

132 418 296 516 abigunt.
339 411 441 489 Idem
461 411 504 486 sit
523 412 599 487 aliis
617 402 725 484 etiam
746 409 783 480 in
802 408 913 500 locis,
939 413 1065 486 eodem
1085 435 1261 514 tempore.
1305 423 1441 498 Merin-

133 518 267 611 dosani,
303 536 387 588 cum
415 514 537 585 ardere
554 511 674 581 omnia
694 508 832 579 circum
852 506 1070 603 aspicerent,
1099 515 1230 591 relistis
1248 517 1386 595 sedibus
1404 523 1443 596 iu

131 611 245 786 ‘spinas
264 609 509 703 confugiunt,
545 607 643 681 &ad
663 604 785 674 vicum
806 601 1019 675 Sansalesum
1040 613 1192 684 maxima
1207 632 1292 688 curn
1312 619 1438 692 sormi·

131 738 167 786 vt

170 735 215 786 ne
241 704 466 807 pernodlant.
511 705 633 795 Hujus
659 717 778 769 autem
807 699 879 771 loci
907 702 1036 773 incolae
1061 705 1133 797 jam
1162 711 1198 782 ὃς
1226 714 1290 807 ipfi
1315 715 1440 815 fugam

131 807 318 907 parabant.
359 796 628 876 Cavallonensrs
641 797 740 868 'enirn
760 795 983 892 Episcopus,
1011 799 1192 896 pontificii
1211 805 1319 902 legati
1338 821 1437 888 vica·

130 908 230 994 rius,
264 901 455 998 negotium
480 896 622 968 dederat
641 894 822 965 nonnullis
840 894 1014 989 ducibus,
1042 896 1133 992 ipsos
1151 907 1438 985 contrucidandi.

130 999 334 1090 Postridie,
364 993 473 1093 pauli)
493 991 773 1090 progrediuntur
791 992 957 1093 longius,
984 992 1071 1068 tedii
1090 994 1208 1091 sylvis.
1252 1000 1293 1071 N
1297 1026 1350 1074 am
1370 1030 1436 1078 un·
1548 990 1556 1005 i

132 1096 242 1195 dique
261 1095 461 1194 periculum
480 1112 576 1184 erat,
602 1093 640 1164 &
658 1091 851 1183 Mineriur,
878 1115 922 1164 ca
953 1094 1001 1164 ite
1017 1091 1199 1186 sanxerat,
1219 1117 1263 1168 ne
1281 1104 1358 1194 quis
1376 1125 1436 1177 eos

132 1193 207 1271 ulla
232 1218 272 1268 re
290 1196 455 1293 juvaret,
488 1187 546 1264 sed
574 1209 614 1263 ut
632 1185 836 1283 promiscue
855 1115 1081 1264 caederentur
1098 1215 1244 1286 omnes,
1296 1220 1435 1270 uocun·

129 1313 200 1389 que
224 1292 310 1366 loco
336 1288 557 1388 deprehenfi.
599 1284 754 1359 Valebat
780 1285 874 1359 idem
901 1285 1060 1361 edietum
1088 1289 1123 1362 in
1152 1290 1241 1363 locis
1269 1218 1434 1369 dnitimis

127 1388 333 1488 pontificiae
352 1387 522 1480 ditionis,
549 1385 587 1459 δε
608 1382 781 1480 Episcopi
798 1384 943 1481 quidam
961 1387 1038 1482 ejus
1057 1389 1212 1484 regionis
1230 1387 1436 1469 serebantur

125 1487 220 1566 alere
236 1510 404 1586 magnam
421 1485 607 1583 copiarum
629 1502 779 1577 partem.

173 1577 1084 1683 Ibantergbdifficili&molestoitinere,gestantes
1095 1585 1269 1676 puerosin
1280 1587 1435 1668 humeris

123 1683 166 1760 dt
173 1678 463 1780 brachiis,inque
471 1681 590 1772 cunis,
602 1676 796 1776 &quidem
807 1677 970 1752 mulieres
980 1680 1120 1776 aliquot
1128 1682 1301 1777 gravidae.
1321 1688 1435 1762 Cum·

121 1802 193 1882 que
209 1780 255 1858 ad
274 1781 514 1856 constitutum
533 1779 657 1851 locum
677 1777 862 1866 venirent,
878 1778 952 1873 jam
972 1799 1017 1850 eo
1037 1777 1289 1855 confluxerant
1302 1786 1434 1881 multi,

120 1883 184 1978 qui
202 1879 309 1955 rebus
326 1879 476 1979 perditis
490 1874 732 1976 sugasalutem
745 1872 994 1974 quaefivetant.
1021 1874 1113 1948 Non
1124 1879 1240 1953 multo
1252 1879 1331 1977 post
1341 1907 1434 1958 nun·

120 1979 255 2071 tiator,
273 1980 462 2054 Miserium
478 1997 676 2076 aggregare
695 1972 797 2048 srrnul
812 1997 936 2047 omnes
948 1975 1092 2071 copias,
1111 1975 1254 2074 utipsos
1264 1981 1430 2080 invadat,

121 2073 195 2167 suit
213 2076 285 2150 hoc
293 2075 358 2151 sub
367 2075 567 2172 vesperum.
595 2075 721 2165 Itaque
731 2097 768 2145 re
776 2071 992 2164 deliberata,
1011 2071 1199 2148 consilium
1211 2098 1431 2177 extempore

121 2172 290 2264 capiunt:
311 2174 348 2244 δε
367 2172 538 2265 quoniam
557 2173 626 2240 i'ter
636 2166 844 2239 faciundum
854 2187 929 2240 erat
940 2191 1003 2261 per
1013 2168 1093 2242 loca
1102 2173 1430 2275 impedita&aspe·

119 2270 181 2356 r'a,
199 2261 388 2355 mulieres,
408 2264 544 2358 puellas
563 2263 601 2334 ὃ(
621 2262 772 2333 infantes
790 2261 840 2332 ibi
858 2263 1064 2358 relinqunt,
1084 2272 1428 2366 paucisquibusdam

119 2358 312 2453 adhibitis,
339 2361 377 2436 δι
396 2360 433 2431 in
449 2359 527 2451 his,
555 2353 730 2429 Ecclesiae
749 2356 923 2433 ministro.
958 2358 1117 2447 Caeteri,
1144 2363 1236 2438 sreut
1252 2369 1428 2447 constitu·

120 2476 200 2535 tum
218 2478 315 2553 erat,
330 2455 512 2556 oppidum
533 2450 705 2528 Mulsrum
716 2474 858 2550 petunt.
883 2458 971 2529 Hoc
981 2477 1097 2530 autem
1109 2482 1148 2531 ea
1157 2460 1217 2556 spe
1226 2459 1428 2561 faciebant,

118 2556 199 2634 sore
227 2575 268 2633 ut
286 2557 404 2631 'hostis
432 2556 468 2627 in
495 2551 678 2627 imbellem
701 2550 842 2625 turbam
863 2552 899 2628 &
919 2553 1018 2624 omni
1037 2553 1204 2649 praesidio
1222 2557 1428 2637 destitutam

116 2662 283 2733 uteretur
299 2653 563 2740 misericordia3
585 2652 664 2746 quis
683 2650 733 2723 ibi
752 2648 861 2724 suerit
869 2651 1048 2724 excitatus
1057 2655 1236 2749 gemitus,
1253 2659 1314 2752 qui
1326 2683 1428 2734 com·

116 2755 276 2855 plexus,
311 2774 394 2851 quae
421 2752 661 2840 lamentatio,
695 2745 803 2822 facile
832 2751 949 2847 quivis
976 2750 1161 2849 intelligit.
1204 2753 1283 2827 Ubi
1311 2777 1426 2833 totam

116 2851 261 2930 nossem
282 2852 446 2943 ivissent,
472 2849 637 2946 superato
657 2866 781 2920 monte
800 2845 1012 2938 Leberone‚
1032 2851 1166 2923 multos
1186 2854 1307 2929 ardere
1325 2860 1426 2933 vicos

116 2968 225 3052 atque
271 2951 379 3028 taedia
397 2948 636 3047 conspiciunt.
670 2946 841 3020 Miserius
859 2943 989 3017 deinde
1006 2946 1182 3044 bipartito
1195 2955 1340 3050 agmine
1348 2980 1425 3033 rem

116 3071 208 3153 aggi
255 3052 350 3125 itur:
387 3049 425 3122 &
451 3047 534 3144 quia
560 3069 625 3141 per
651 3043 824 3116 indicium
852 3065 1062 3140 acceperat,
1096 3047 1134 3120 in
1160 3072 1266 3146 quam
1285 3075 1424 3147 partem

115 3147 351 3229 Merindolarri
368 3144 435 3220 sese
451 3141 685 3242 recepissent,
716 3141 788 3238 ipse
806 3143 1034 3218 Merindolrrm
1053 3146 1166 3240 petit,
1192 3147 1343 3244 reliquas
1363 3175 1425 3226 ve·

117 3242 162 3321 rb
189 3248 313 3343 copias
339 3246 382 3318 ad
408 3245 491 3318 illos
512 3238 776 3337 investigandos
795 3241 924 3312 mittit.
960 3239 1182 3338 Antequam
1202 3243 1239 3315 hi
1259 3251 1423 3340 perveni-

118 3360 199 3419 rent
217 3344 254 3416 in
269 3342 426 3459 sylvam,
455 3365 501 3415 ex
519 3338 694 3413 militibus
711 3335 877 3432 quidam,
904 3337 1075 3433 impulsus
1093 3341 1423 3440 commiseratione,
1468 3426 1473 3433 x

118 3448 333 3536 praecurrrt,
369 3442 405 3516 &
426 3441 446 3515 ἐ
464 3438 604 3513 summo
622 3435 808 3510 cacumine
827 3433 948 3527 rupis,
981 3457 1050 3532 qua
1069 3457 1168 3533 parte
1184 3436 1427 3536 suspicabatur

119 3535 295 3635 profugos
319 3536 535 3633 consedisse,
568 3536 642 3611 duo
669 3532 747 3608 saxa
774 3532 921 3628 dejicit,
955 3532 1084 3608 deinde
1111 3560 1175 3632 per
1194 3537 1424 3621 intervallum

119 3633 166 3708 iis
183 3635 377 3730 acclamat,
403 3639 490 3710 licet
506 3660 568 3710 eos
585 3658 660 3707 non
677 3627 922 3725 conspiceret,
953 3650 995 3704 ut
1012 3631 1098 3732 suga
1118 3632 1181 3706 fibi
1202 3633 1315 3712 statim
1336 3666 1424 3714 con·

119 3729 257 3805 sulant:
295 3733 332 3808 δε
361 3736 396 3806 in
423 3733 495 3804 ltoc
523 3733 598 3827 ipso
625 3730 798 3826 temporis
827 3725 984 3824 pundio,
1018 3731 1145 3823 exiis,
1171 3737 1424 3829 quiMussrum

119 3831 282 3924 iverant,
317 3830 390 3906 duo
416 3828 560 3929 quidam
587 3827 852 3921 interveniunt,
879 3827 917 3903 ὃ(
936 3826 1092 3905 hostium
1109 3829 1263 3910 adventu
1281 3838 1425 3910 nuntia·

121 3954 132 3963 ’·
1364 3954 1426 4029 to,
