3322 4456
229 355 356 410 120-
439 287 819 406 u'rsroara
862 323 1307 406 uvaucunrr
1364 332 1536 438 name:

193 530 198 541 ,
277 454 336 528 Ad
355 453 414 527 has
432 453 549 526 literas
569 449 631 522 sibi
650 445 902 544 acceptiffimas
920 446 1119 521 Cardinalis
1139 455 1189 542 (a)
1215 451 1406 549 respondet
1424 460 1460 532 d.
1473 485 1533 556 27·

226 554 327 650 Junii
354 573 460 648 atque
485 573 530 622 ex
558 549 727 636 relatione
751 548 919 618 Barnabae
936 549 1051 620 Voraei
1070 551 1192 643 Foffae,
1220 551 1338 626 laudat
1356 559 1535 632 Melanch·

230 654 341 726 thanis
367 651 404 720 in
430 647 687 741 rempublicam
714 642 952 714 Christianam
980 646 1167 737 animum,
1203 650 1310 733 iniis
1337 654 1534 746 praesertim

233 749 365 836 rebus,
401 770 481 840 quae
507 743 549 813 ad
577 763 806 813 communem
834 743 997 812 omnium
1025 742 1170 815 salutem
1200 749 1402 842 pertinent,
1437 755 1536 849 quod

234 843 425 920 Gallorum
453 840 585 912 nemini
614 861 687 908 non
712 859 855 933 gratum
883 835 984 910 fuisse
1002 837 1188 913 affeverat:
1215 895 1243 935 „
1262 848 1370 919 Nihil
1383 847 1449 944 est,
1475 852 1537 924 ad.

232 945 311 1030 dit,
345 942 524 1035 quadram
550 936 757 1008 vehementer
781 941 930 1028 cupiam,
965 960 1064 1030 quam
1082 942 1198 1013 urina
1216 942 1368 1034 diffidio,
1389 969 1450 1041 per
1466 975 1537 1046 με

225 1044 303 1140 jam
320 1041 377 1111 diu
394 1037 593 1130 labefallari
612 1030 739 1125 Chresti
755 1036 883 1124 ecclesta
900 1037 993 1123 cepit
1005 1084 1017 1118 ,
1031 1033 1034 1039 ⁴
1047 1039 1225 1130 aliquanda
1242 1043 1327 1112 relll
1345 1067 1536 1144 componan-

233 1157 304 1212 rar.
346 1138 388 1208 In
405 1136 490 1206 hane
502 1129 786 1228 pacificationem,
804 1132 851 1199 mi
869 1130 1132 1221 Melanehtharr,
1148 1155 1206 1226 per
1224 1135 1360 1230 Deam,
1379 1162 1539 1238 quantam

230 1253 344 1334 pares,
377 1234 543 1317 incumbe,
576 1229 711 1300 habebis
734 1230 962 1322 consentientes
988 1249 1094 1299 amnes
1120 1232 1238 1323 banos,
1271 1241 1306 1308 in
1332 1240 1385 1309 his
1398 1240 1537 1334 sammae

234 1334 447 1409 austeritatis
472 1329 633 1400 hominem
658 1322 766 1412 hunc,
800 1323 1013 1395 Franciscrrm
1036 1327 1180 1422 Regem,
1206 1355 1279 1403 cum
1296 1337 1408 1408 ritulis
1423 1363 1464 1410 ac
1479 1366 1537 1412 na·

235 1437 342 1522 mirre,
377 1444 447 1499 tum
472 1449 574 1513 uera,
608 1422 694 1517 quad
716 1443 770 1516 ega
796 1424 886 1515 lange
905 1424 1014 1512 pluris
1034 1421 1148 1516 facio,
1173 1430 1281 1524 reipsa
1299 1432 1536 1526 Christianiffi·

235 1553 345 1617 mum,
371 1548 432 1620 qua
448 1545 519 1594 cem
529 1527 562 1614 st
572 1520 675 1613 semel
689 1516 800 1609 vestra
818 1519 950 1609 confilia
968 1523 1100 1592 mature
1117 1531 1344 1617 contuleritis,
1368 1533 1453 1628 quad
1461 1534 1540 1628 fere

235 1631 332 1704 breui
349 1624 465 1711 videa,
500 1619 588 1691 nihil
602 1615 669 1709 est,
698 1616 784 1710 quad
798 1614 837 1686 de
854 1616 960 1709 vestra
977 1621 1138 1712 cdngreffu
1156 1645 1218 1691 nan
1227 1627 1367 1714 sperem.
1386 1677 1413 1714 „
1455 1633 1539 1728 sig.

233 1721 362 1801 nificat
389 1716 528 1814 postea,
563 1711 596 1782 le
622 1714 785 1785 Romani
809 1733 1021 1806 properare,
1054 1735 1249 1810 optatque,
1279 1718 1376 1792 ut&
1397 1721 1538 1797 ibiuti.

119 1886 126 1899 .
236 1825 308 1900 lem
326 1837 469 1913 operam
490 1807 655 1907 praellare
674 1806 788 1906 poffrt.
819 1807 1057 1907 Subscripsit:
1079 1808 1169 1887 Taras
1183 1838 1224 1886 ex
1239 1819 1351 1888 anima
1369 1820 1538 1896 Cardena.

236 1926 280 1997 lis
295 1915 395 1990 Bella
405 1914 460 1986 ier.

286 1939 429 2087 Interda
453 2007 626 2104 temporis
653 2006 689 2079 in
714 2006 943 2081 Germaniam
961 2004 1038 2078 aliis
1055 2005 1163 2080 etiarn
1182 2008 1354 2086 decausis
1371 2015 1540 2091 mitteba-

239 2133 300 2189 tur
324 2111 504 2186 Barnabas
529 2105 589 2180 ille
614 2106 655 2180 V
651 2129 776 2199 areas,
809 2127 917 2203 atque
933 2105 1132 2178 amicorum
1152 2103 1271 2182 literas
1286 2107 1433 2207 scriptas
1449 2115 1542 2189 Par·

238 2216 324 2309 lippa
342 2204 533 2299 afferebat,
561 2206 598 2280 &
618 2229 700 2278 cum
719 2205 825 2279 code
842 2200 1066 2302 profedlione
1082 2203 1126 2277 ad
1143 2205 1289 2306 Regem
1306 2210 1541 2310 colloqueba-

239 2331 322 2404 tur,
353 2307 539 2408 pollicitus
556 2329 630 2378 non
648 2301 760 2378 modo
779 2303 897 2378 literas
915 2304 1030 2405 regias
1049 2300 1107 2396 (b)
1133 2306 1265 2402 quibus
1281 2310 1543 2408 accerseretur,

238 2408 319 2503 sed,
352 2431 435 2482 cum
459 2403 600 2480 obfides
617 2403 748 2494 etiam,
774 2403 835 2500 qui
853 2402 1021 2476 darentur
1037 2399 1123 2474 dum
1142 2404 1296 2499 abellet,
1322 2427 1400 2481 tum
1419 2409 1544 2504 praefi·

237 2508 316 2603 dia,
334 2507 463 2604 quibus
480 2505 718 2579 deduceretur
736 2500 773 2576 &
792 2499 1045 2590 reduceretur,
1064 2518 1107 2572 ut
1124 2503 1284 2602 undique
1300 2506 1453 2599 periculi
1467 2532 1542 2583 me·

238 2628 296 2684 tus
312 2605 397 2680 effer
414 2626 585 2679 remotus.
627 2600 821 2701 Urgebant
839 2601 985 2672 eandem
1001 2596 1140 2671 causam
1158 2603 1289 2692 amici,
1323 2605 1385 2698 qui
1405 2606 1543 2696 persua·

238 2705 323 2779 dere
349 2703 506 2791 Philippa
532 2700 774 2780 conabantur,
811 2695 847 2760 in
875 2690 1064 2786 congress'u
1084 2694 1162 2781 ejus
1179 2697 1439 2785 colloquioque
1456 2720 1541 2766 cum

237 2797 349 2962 Refige
372 2816 444 2863 non
469 2791 601 2861 Galliae
620 2789 732 2858 solum
750 2782 807 2854 sed
827 2784 932 2876 paene
951 2781 1065 2855 Orbis
1083 2799 1254 2853 terrarum
1273 2783 1456 2855 fortunam
1474 2786 1544 2862 ell'e

238 2916 288 2991 po
320 2910 405 2961 tam.
444 2937 470 2976 „
490 2886 528 2957 Si
547 2887 648 2955 illum
667 2877 876 2977 praesentem
895 2877 1060 2949 vidiffent
1079 2875 1133 2966 (c)
1161 2873 1265 2949 fimul
1282 2876 1428 2953 salutem
1446 2879 1542 2960 suam

239 3009 359 3085 „cum
378 2983 529 3057 aliorum
549 2979 712 3051 omniurn
734 2969 962 3068 conjunuam
982 2967 1156 3044 affirmare
1166 2969 1474 3071 seconspelluros.
1504 2986 1543 3060 Si

238 3088 312 3186 „in
331 3083 399 3158 illis
417 3075 588 3153 flullibus
607 3077 643 3149 &
663 3065 851 3147 laeviffirnis
870 3068 1138 3168 tempestatibus
1155 3071 1545 3155 audiillentadventan·

239 3240 267 3285 „
279 3208 374 3274 tem,
407 3182 479 3278 jam
509 3195 656 3273 portum
684 3171 721 3244 &
749 3162 953 3241 tutiffimam
982 3168 1168 3242 stationem
1200 3167 1264 3244 fibi
1291 3172 1466 3249 ostensum
1487 3182 1545 3256 iri.

241 3340 267 3382 „
280 3281 394 3383 Quod
415 3278 437 3351 si
457 3276 658 3372 negligeret
675 3288 736 3344 aut
745 3265 852 3338 etiam
863 3287 1111 3343 contemneret
1122 3265 1300 3365 postulata
1309 3274 1446 3375 Regis,
1466 3275 1544 3351 lore

239 3404 319 3479 „ut
347 3378 463 3452 omnis
482 3375 579 3470 spes,
614 3394 681 3467 qua
700 3363 882 3441 sustentari
901 3368 937 3439 in
955 3367 1119 3440 maximis
1139 3368 1305 3462 periculis
1324 3371 1360 3445 ὃ(
1380 3369 1546 3468 praesenti

239 3476 483 3576 „discrimine
503 3469 668 3560 luissent,
691 3463 877 3540 debilitata
893 3462 1171 3564 infringeretur,
1191 3465 1229 3541 &
1249 3466 1355 3541 limul
1373 3467 1471 3565 aegre
1480 3474 1545 3545 ali·
1567 3496 1570 3501 ’

1337 3669 1340 3674 ¹
1399 3619 1426 3661 „
1437 3591 1546 3666 quan·

234 3720 237 3725 Ι
281 3781 331 3864 (a)
354 3775 419 3842 vid.
440 3766 778 3842 SECKENDORF·
795 3764 1072 3834 Hirminum.
1083 3767 1144 3836 111.
1164 3767 1415 3852 §.xxxviia
1432 3797 1462 3858 p.
1476 3795 1545 3858 ¹09·

281 3877 334 3957 (b)
359 3867 615 3939 CAMERAR.
633 3872 653 3928 1.
674 3888 702 3930 c.
727 3888 756 3948 p.
778 3883 847 3946 149.
1538 3924 1543 3933 Ι

281 3976 332 4059 (c)
358 3966 615 4046 carinula.
635 3965 701 4039 vie
720 3962 807 4030 Mel.
823 3983 854 4048 p.
873 3981 943 4048 149.
963 3981 1035 4046 1503
1066 3982 1070 3991 ·
