3322 4456
17 3909 20 3914 ⁴
130 3881 274 3946 culenter
291 3876 442 3940 enarravit
459 3875 520 3941 FO

115 296 279 430 nme
424 315 1084 396 annonari
1345 326 1412 425 κῃ

113 464 203 555 etis,
222 460 342 533 ridere
359 454 542 551 potuerit,
560 472 675 546 neque
690 471 781 546 opus
797 449 959 522 habuerit
970 472 1013 522 ex
1027 451 1272 552 scriptoribus
1282 456 1416 533 exteris

111 559 172 635 sua
190 554 458 642 transscribere,
477 548 646 644 quodque
665 569 730 639 pro
751 546 917 642 ungulari
936 550 1065 641 animi,
1085 573 1153 648 qua
1166 553 1416 652 pollebam.

111 658 317 743 decorione,
337 673 377 721 ac
394 645 602 741 prudentia,
620 641 858 736 uouemere,
878 642 934 716 sed
945 645 1262 742 juxtaprudentiae
1273 656 1414 752 regulas

112 756 150 828 in
176 747 460 826 Reformationis
475 740 630 839 'negotio
647 737 850 837 progteffus
869 738 991 814 fuerit.
1035 741 1084 815 Et
1102 742 1172 818 fuit
1190 748 1268 822 sane
1282 753 1358 849 ejus
1377 755 1413 824 in

113 851 219 925 rebus
245 842 409 943 gerendis
435 838 623 935 prudentia
647 855 768 929 tanta,
802 856 842 909 ut
859 858 903 910 ne
921 837 1034 932 ipsum
1053 841 1197 936 quidem
1216 845 1358 943 Regem
1378 850 1414 923 iu

113 947 280 1019 amicitiis
309 935 457 1012 minime
484 937 704 1009 constantem
733 935 770 1010 dt
797 936 1084 1010 contradicentes
1103 937 1193 1011 ferre
1213 961 1286 1012 non
1304 941 1414 1017 affue-

115 1047 218 1133 tum,
251 1041 358 1112 etiarn
385 1057 496 1133 quum
524 1035 557 1108 ei
583 1029 651 1107 sese
674 1034 710 1104 io
727 1030 902 1105 notissitna
919 1033 962 1104 de
969 1032 1034 1129 sex
1050 1041 1203 1111 articulis
1221 1037 1414 1113 Reforma-

114 1141 223 1214 tionis
250 1136 506 1226 contentione,
538 1150 762 1228 opponeret,
796 1124 1080 1227 offenderit-(a),
1116 1154 1177 1208 aut
1204 1139 1282 1235 ejus
1301 1139 1415 1234 gratia

116 1258 269 1334 uuquam
287 1232 484 1306 exciderit:
593 1301 595 1305 .

161 1334 350 1407 Proximus
375 1328 419 1402 ab
446 1324 549 1422 ipso,
583 1325 642 1400 vel
669 1325 814 1421 potius,
842 1324 906 1397 illo
927 1325 1088 1423 superior
1105 1346 1180 1402 erat
1200 1330 1339 1404 ihomas
1358 1327 1413 1427 (b)

112 1424 533 1517 CROMWELLUS,
549 1421 1336 1520 qui,dutnresintcgroeerant,omniaunusa
1365 1425 1414 1504 ud

44 1529 48 1541 '
111 1528 257 1627 Regem
269 1542 433 1622 poterat,
451 1522 707 1616 unusnegotiis
716 1520 883 1592 omnibus
893 1514 966 1594 iere
977 1542 1148 1619 praeerat,
1170 1450 1413 1622 virequidem

114 1626 219 1707 eloris
236 1623 400 1713 familiis,
426 1641 512 1692 cum
530 1618 666 1690 infimae
687 1618 787 1689 sortis
803 1611 910 1710 eliet,
930 1617 1022 1692 baud
1041 1622 1210 1714 innexus,
1230 1623 1285 1696 sed
1304 1645 1343 1696 ea
1362 1647 1414 1699 to·

112 1747 195 1796 men
219 1722 353 1820 ingenii
379 1742 421 1791 ae
446 1717 577 1816 judicii
605 1717 740 1788 virtute
767 1714 959 1811 ptaeditus,
991 1741 1073 1813 quae
1091 1720 1193 1792 illurn
1214 1721 1255 1793 ad
1275 1720 1415 1796 celfilsr·

112 1842 212 1897 mum
239 1819 331 1892 iilud
359 1815 544 1913 dignitatis
569 1813 612 1886 ad
639 1813 738 1910 quod
759 1814 920 1909 pervenit
941 1813 1122 1913 fastigium
1142 1815 1293 1892 evehere
1311 1840 1415 1915 pote·

112 1913 190 2010 rat,
225 1919 262 1992 lit
290 1937 331 1990 ea
357 1915 525 2009 deinceps
542 1910 801 2008 generemus,
828 1930 934 2009 atque
952 1913 1212 1988 beneficiorum
1232 1915 1268 1987 in
1287 1917 1322 1990 se
1338 1920 1417 1991 col·

114 2015 271 2090 latorum
297 2012 492 2104 memoria,
520 2028 568 2082 ut
592 2008 635 2082 el
653 2028 777 2081 omnes
795 2008 868 2081 lere
888 2010 1045 2084 Nobiles
1063 2031 1169 2108 atque
1189 2011 1337 2089 Aulicos
1356 2032 1418 2090 an'·

116 2112 322 2198 recelleret,
355 2110 393 2177 in
410 2128 483 2177 uno
503 2106 567 2177 iilo
585 2124 725 2177 tanturn
744 2104 962 2200 culpandus,
988 2110 1087 2205 quod
1103 2112 1196 2185 ultra
1214 2133 1318 2208 quarn
1338 2113 1419 2187 satis

114 2204 169 2278 'eii
186 2203 383 2274 bonoribus
398 2203 434 2274 dt
449 2201 585 2272 divitiis
604 2203 853 2272 coacervandis
872 2203 1097 2296 incubuerit,
1116 2225 1232 2303 eoque
1247 2208 1322 2306 ipso
1339 2213 1420 2308 plu·

115 2302 292 2376 rimorum
315 2289 378 2368 fibi
397 2293 566 2365 invidiam
583 2296 621 2366 8(
636 2295 760 2366 odium
779 2294 1003 2370 areeffiverit.
1029 2295 1242 2393 caeterum,
1260 2307 1316 2378 uti
1336 2327 1419 2380 cunt

66 2397 69 2402 '
117 2400 338 2483 cranmere,
360 2387 412 2464 illi
431 2409 560 2488 magna
578 2390 822 2465 intercedebat
842 2392 1081 2487 familiaritas,
1102 2398 1150 2468 ita
1170 2400 1266 2494 quod
1286 2422 1420 2497 magno

116 2512 203 2570 eum
218 2494 310 2565 Zelo
324 2487 637 2564 Reformatorem
658 2491 904 2585 promoverit,
922 2514 966 2564 ert
985 2511 1109 2565 eorum
1128 2508 1332 2589 temporum
1345 2496 1421 2568 An·

117 2593 255 2666 noiibus
280 2589 445 2679 constat,
483 2585 655 2680 siquidem
683 2587 768 2658 Rex
793 2605 874 2660 eum
896 2586 1082 2685 praecipui
1098 2589 1214 2687 gratia
1232 2591 1423 2689 dignatus,

72 2704 74 2708 “
118 2691 229 2788 ipfius
253 2688 417 2781 inprimis
435 2684 567 2780 opera,
596 2687 752 2779 primum
773 2686 809 2756 in
830 2686 937 2782 Papae
956 2689 1143 2785 tyrannide
1160 2689 1354 2784 abolenda,
1383 2688 1422 2766 dt

118 2786 262 2886 postia
292 2781 521 2857 Monasteriis
545 2782 781 2855 demoliendis
805 2782 887 2854 ulus
912 2783 984 2876 est,
1019 2781 1161 2883 fuitque
1186 2788 1215 2860 is
1234 2788 1422 2886 primarius

119 2885 325 2973 consultor,
351 2879 448 2978 quod
467 2874 586 2952 Biblia
604 2881 640 2951 in
660 2880 898 2978 Anglicanam
917 2880 964 2954 lin
996 2903 1075 2954 urm
1100 2886 1265 2959 translata
1282 2887 1424 2961 indulto

120 2982 275 3059 Henriei
296 2980 407 3054 v111.
442 2997 506 3074 per
532 2975 751 3051 Graftonum
780 2981 817 3053 &
844 2980 979 3052 Wbitc
1008 2982 1171 3054 asebium
1197 2985 1334 3059 Parisiis
1354 2985 1422 3058 im·

119 3083 387 3179 ponerentur,
421 3094 530 3172 atque
554 3076 775 3150 emendatius
799 3097 904 3172 quam
930 3098 1035 3170 ante,
1064 3081 1118 3152 uti
1145 3079 1423 3176 polleatidebi·

121 3200 223 3269 mus,
251 3176 534 3272 publicarentur.

168 3276 289 3346 Prima
316 3272 506 3370 Dignitas,
533 3289 637 3364 quam
664 3267 821 3341 iuceelin
840 3272 1013 3366 temporis
1034 3273 1069 3342 in
1089 3292 1170 3344 eum
1191 3276 1275 3347 Rex
1293 3297 1425 3351 contu·

123 3369 168 3447 lit
186 3376 265 3468 (c),
298 3391 393 3463 erat,
419 3367 517 3466 quod
544 3388 627 3440 eum
651 3364 830 3439 Vitorium
842 3373 1026 3464 generalem
1044 3369 1080 3443 ὃ(
1101 3371 1319 3465 Wsttatorem
1331 3394 1428 3471 gene·
1575 3427 1577 3433 -

1326 3479 1431 3548 talem

168 3628 220 3707 (a)
242 3626 460 3693 BURNET.
484 3625 634 3694 libili.
660 3625 719 3691 fol.
738 3618 808 3707 148.
833 3625 863 3690 dt
882 3642 954 3707 151.

169 3710 222 3793 (b)
247 3709 463 3775 BURNET.
484 3705 559 3776 Lib.
578 3710 622 3776 il.
648 3709 706 3776 foi.
723 3711 806 3792 99.b
1430 3749 1433 3752 ·

170 3795 224 3876 (c)
250 3794 445 3875 Herooiogia
469 3793 607 3940 Anpgica
630 3793 691 3858 fol.
707 3815 738 3876 7.
763 3792 934 3859 Ceterum
950 3794 1059 3859 Vitam
1079 3794 1148 3878 ejus
1166 3800 1227 3867 late
1245 3801 1365 3868 satirae
1383 3807 1437 3880 lou

561 3875 625 3940 US
642 3876 672 3970 ira
690 3876 927 3964 Martyroiogio
942 3879 1084 3966 Anglico
1102 3885 1187 3966 five,
1208 3883 1333 3952 Eccles.
1350 3879 1432 3950 Hiii.

130 3963 213 4031 Vol.
225 3964 271 4031 11.
293 3975 501 4047 p.419··453.
525 3959 613 4027 coni.
629 3956 786 4042 Eiusdem
802 3984 861 4030 rer.
876 3961 985 4050 geilae.
1003 3982 1179 4034 eomment.
1195 3966 1255 4033 iol.
1268 3973 1438 4053 esp-164·
