3322 4456
132 359 323 457 ·A.t542.
485 357 525 439 R
574 357 608 431 E
657 355 698 428 N
749 344 874 442 O'V
916 345 964 426 ⁴rs
1007 354 1045 427 T
1095 354 1127 428 1.
1243 386 1248 395 ¹
1391 375 1461 453 309

154 481 335 577 dicentes,
355 503 427 554 non
447 498 578 552 tantam
600 476 668 549 esse
686 476 1059 565 inUniverfitatibus,
1080 477 1115 548 in
1134 475 1260 571 quibus
1271 475 1463 569 Juniorum

153 599 238 652 vota
266 578 523 675 praevalerent,
558 575 822 666 eruditionem,
850 595 982 671 quanta
1008 575 1051 644 ad
1079 574 1167 646 hanc
1186 576 1321 648 causam
1343 577 1462 672 requi·

153 697 321 766 seretur,
365 675 403 746 &
430 669 618 768 praestate,
653 692 695 744 ut
722 691 872 767 utraque
900 671 1145 744 Comitiorum
1175 671 1342 761 Domus,
1378 671 1463 744 viris

156 771 361 844 dodtiffimis
381 773 417 842 ἂ
438 792 552 840 rerum
572 767 887 841 ecclesiasticarum
907 765 1113 866 gnariffimis
1132 764 1278 859 referta,
1304 791 1379 839 eam
1400 768 1462 839 suo

155 865 382 940 submitteret
405 865 544 958 judicio
555 898 567 952 3
600 860 741 937 Verum
772 865 1096 958 Archiepiscopus,
1136 865 1264 957 Regiae
1284 864 1462 936 voluntati

156 960 190 1034 se
215 964 548 1058 obtemperaturum
574 964 610 1035 ἂ
630 985 777 1033 examen
797 962 1017 1034 translationi
1039 958 1341 1032 Univerfitatibus
1360 962 1462 1030 exhi·

156 1056 346 1148 biturum‚
381 1057 578 1144 asserebam
624 1058 920 1131 Contestantibus
947 1079 1063 1128 autem
1092 1056 1229 1128 cunetis
1260 1057 1463 1127 Provinciae

158 1154 229 1226 suae
251 1153 464 1250 Episcopis,
491 1175 646 1252 excepto
665 1155 798 1227 Elicrtsr
819 1157 855 1230 bt
877 1153 995 1228 Sancti
1016 1155 1189 1246 Davidis,
1210 1152 1375 1250 Synodus
1395 1151 1464 1226 fuit

159 1253 306 1324 dimissa.
328 1254 377 1344 (a)
742 1305 746 1312 -
1239 1283 1246 1293 ·

205 1347 424 1437 Enimverb,
458 1345 532 1443 quo
561 1349 677 1420 minus
705 1347 771 1421 hac
797 1347 877 1421 data
894 1346 1091 1435 occasione
1118 1369 1465 1437 commemoremus,

58 1496 61 1503 -
157 1448 253 1517 nulla
279 1446 330 1518 est
358 1447 469 1534 ratio,
504 1446 652 1516 alterum
678 1446 856 1538 quoddam
876 1445 1042 1539 idemque
1060 1447 1270 1538 praetorium
1293 1442 1462 1517 Ediuum

158 1543 330 1638 Stephani
350 1543 445 1613 illius
460 1542 777 1615 GARDINERI
792 1543 870 1635 (b),
889 1544 950 1635 qui
964 1566 1040 1613 tum
1055 1542 1260 1612 Academiae
1273 1540 1464 1612 Cantabri·

157 1639 287 1733 giensrs
305 1639 656 1731 matcanceltarius,
676 1639 772 1737 quod
791 1638 932 1734 iseopse
942 1639 1013 1712 fere
1024 1661 1187 1733 tempore
1196 1639 1354 1710 ediditin
1366 1637 1467 1711 causa

158 1736 342 1815 literarum
369 1737 652 1834 elegantiorum,
688 1760 761 1833 quo
780 1738 856 1809 dira
873 1739 1027 1808 minatus
1047 1735 1178 1824 estiis,
1206 1736 1265 1829 qui
1286 1734 1306 1807 ai
1325 1735 1466 1832 vulgari

156 1831 370 1908 Graecarun
390 1858 523 1907 vocum
541 1836 839 1929 pronunciatione
857 1834 1108 1922 defleuerent,
1135 1835 1304 1926 quodque
1323 1833 1357 1902 in
1373 1836 1467 1904 Aca·

158 1930 274 2003 demit
285 1929 629 2028 Cantabrigiensrest
646 1932 932 2030 promulgatum,
944 1955 1035 2021 tum,
1047 1955 1128 2003 cum
1141 1932 1311 2023 Johannes
1323 1932 1467 2022 Chekus,

156 2026 389 2100 Dostiffimus
409 2028 553 2100 Graecae
574 2030 710 2123 linguae
733 2028 933 2117 Professor,
952 2031 1054 2102 aliam
1077 2031 1337 2120 pronunciandi
1358 2029 1467 2099 ratio·

158 2146 239 2191 nem
272 2123 481 2211 sequendam
501 2123 568 2193 effe
586 2124 832 2194 existimabat:
862 2127 983 2217 Hujus
1004 2123 1145 2215 Edisti,
1172 2127 1299 2197 tetrica
1317 2125 1468 2197 dubium

160 2238 204 2287 an
227 2215 466 2309 joculatoria,
502 2215 600 2286 cette
625 2218 837 2286 histrionico
853 2219 1035 2290 severitate
1053 2218 1161 2305 editi,
1189 2221 1381 2311 summam,
1408 2223 1467 2294 bic

160 2332 310 2406 propter
328 2311 378 2382 rei
399 2311 606 2382 memoriam
618 2313 848 2382 exhibemus:
875 2365 900 2403 ,‚
913 2312 1470 2408 STEPHANUSWntonisnsts

159 2457 187 2501 „
214 2407 441 2503 Episcopus,
459 2409 649 2481 Academiae
667 2408 968 2507 cantabrigiensis
988 2411 1249 2483 Canceliarius:
1272 2413 1367 2483 Cum
1388 2411 1469 2483 med

159 2555 187 2599 „
213 2525 291 2576 tum
320 2507 470 2578 Senatus
498 2503 651 2577 universi
679 2504 915 2594 austeritate,
951 2507 1112 2604 legitima
1139 2509 1328 2600 rogatione
1349 2506 1391 2578 ad
1412 2529 1469 2579 me

159 2634 187 2696 ,·,
212 2603 328 2674 delata
353 2601 440 2697 quid
467 2604 503 2673 in
524 2603 726 2675 Literarum
747 2603 860 2693 sonis,
887 2629 928 2674 nc
949 2603 1104 2702 Linguae
1127 2623 1203 2674 tum
1225 2605 1369 2676 Graecae
1390 2622 1470 2676 tum

159 2751 187 2795 „
213 2699 356 2770 Latinae
385 2701 699 2794 pronuntiatione,
732 2697 983 2797 speuandum,
1009 2701 1244 2796 sequendum,
1275 2702 1469 2774 tenendum

159 2849 185 2892 „
213 2796 279 2885 fit,
306 2798 357 2867 ita
377 2794 516 2869 Edico:
1207 2830 1210 2845 ·

205 2946 231 2986 ,‚
261 2893 437 2989 Qrisquis
463 2893 615 2965 nostram
644 2893 859 2967 Potestatem
889 2895 1071 2991 agnoscis,
1106 2892 1231 2984 sonos,
1266 2894 1377 2967 literis
1398 2893 1471 2970 save

160 3046 186 3088 „
213 2991 358 3066 Graecis
386 2990 457 3063 sive
483 2991 646 3081 Latinis,
673 2992 797 3064 abusu
819 2993 968 3087 publico
988 2991 1169 3088 praesentis
1188 2993 1294 3066 seculi
1313 2993 1469 3090 alienos,

159 3139 187 3182 „
213 3090 355 3184 privato
373 3086 513 3183 judicio
533 3084 703 3184 affingere
723 3113 766 3160 ne
785 3093 928 3162 audcto

746 3186 826 3280 Qa
860 3209 874 3280 r
1306 3186 1470 3279 „Quod

201 3328 251 3409 (a)
275 3324 490 3396 BURNET.
515 3330 535 3391 l.
557 3348 586 3392 c.
611 3325 860 3392 &FULLER
887 3332 908 3390 1.
927 3349 956 3393 c.
982 3330 1069 3411 Quid
1088 3331 1167 3393 verb
1184 3345 1253 3394 tum
1270 3331 1306 3393 ab
1326 3327 1472 3396 Univer-

163 3413 297 3476 srtatibus
317 3413 497 3494 responsum
517 3413 570 3492 fit„
588 3415 723 3475 relatum
738 3431 802 3473 non
819 3414 951 3490 legitur,
968 3414 1020 3475 niti
1033 3415 1119 3494 quod
1133 3413 1210 3497 Rap.
1223 3412 1470 3481 THOYRAZ

161 3496 222 3558 l.c.
241 3514 354 3577 p414.
379 3517 416 3561 er
438 3496 526 3560 Astis
545 3495 682 3560 Publicis
703 3495 833 3578 Rymeri
848 3493 1057 3558 ToleV.
1076 3518 1104 3579 p.
1115 3513 1186 3576 745.
1205 3496 1368 3579 observet,
1386 3502 1473 3581 quod
1585 3562 1588 3567 ,

162 3572 233 3670 Rex
252 3579 282 3637 d.
297 3597 344 3639 ιι.
359 3577 464 3642 Martii
480 3597 570 3659 ¹542·
594 3579 810 3661 Typographo
828 3577 1163 3663 LondinetrsrAntonio
1174 3581 1320 3660 Μανίαν,
1337 3583 1476 3647 indulse-

162 3671 202 3722 rtt
218 3658 399 3738 potestatem
420 3663 891 3741 imprimendiBibliaAnglica,
908 3664 992 3726 unde
1002 3665 1220 3746 colligendum
1233 3665 1284 3745 sit,
1304 3666 1476 3730 Academi·

162 3760 217 3806 cos
228 3741 404 3805 admodum
415 3743 619 3823 superficiarie
630 3748 840 3812 hanccausam
851 3744 1006 3828 undasse,
1023 3744 1074 3810 vei
1085 3768 1154 3812 eam
1165 3748 1284 3829 prorsus
1295 3749 1473 3831 neglexisse.

204 3826 257 3903 (b)
283 3824 345 3887 vid.
366 3823 547 3889 STRYPE
567 3827 758 3896 Memoriais
779 3829 901 3898 Eccles.
929 3828 999 3894 Lib.
1022 3832 1047 3896 Ι.
1071 3829 1149 3916 Cap.
1170 3829 1211 3897 L.
1237 3833 1296 3896 fol.
1315 3849 1385 3912 372.
1409 3832 1440 3897 se
1466 3878 1474 3894 .
1519 3887 1521 3892 .

162 3909 217 3992 qui
236 3908 265 3972 ἃ
284 3909 313 3971 in
335 3905 548 3974 Documentit
564 3910 644 3977 illud
659 3911 809 3980 Edidum
821 3914 928 3980 Num.
941 3913 1092 3982 C'XVII.
1108 3917 1167 3982 fol.
1179 3914 1375 3999 326.·affer't,
1394 3852 1478 3979 unde

127 4046 129 4050 ,
159 3993 242 4060 iliud
259 3992 508 4079 depromfimus,
534 4008 629 4082 atque
646 3997 696 4064 hic
714 3999 776 4084 legi
793 4001 969 4067 voluimus.
1101 4018 1105 4024 ·
