3322 4456
126 402 297 491 μω,
455 378 1100 458 RENOVATI.
1369 413 1442 492 295

129 570 160 620 „
184 513 333 604 dixisse,
364 507 502 584 nullum
523 504 557 577 se
577 506 612 577 in
632 504 701 577 illis
719 503 905 578 observare
924 529 1104 600 errorem,
1130 512 1245 586 cuiuis
1264 515 1440 591 Christis·

127 668 157 718 „
181 641 232 691 no
260 634 362 710 aque
389 628 430 679 ut
457 603 642 678 sacerdon
672 603 939 674 Sacramentum
967 606 1207 681 administrare
1234 614 1352 688 licere.
1403 618 1438 690 A

70 768 76 783 .
126 764 158 815 „
186 719 290 808 Rege
318 706 491 777 vicarium
518 702 555 771 in
575 698 678 771 ribus
698 699 957 774 Ecclesiaslicis
975 705 1235 799 conslitutum,
1262 709 1323 781 sub
1343 712 1439 787 illius

125 865 157 911 „
182 808 337 883 muneris
366 802 484 900 sigillo
510 798 759 895 compluribus
779 799 949 873 haereseos
964 798 1129 893 inspeetis
1148 803 1356 879 facultatem
1376 816 1437 883 de·

126 905 269 1010 „disse
296 906 332 974 iri
360 925 472 996 regno
498 900 760 987 concionandi,
794 922 834 970 ac
862 918 934 970 tam
961 923 1023 970 ote
1046 922 1150 994 quam
1168 905 1304 975 calamo
1325 906 1437 979 Vice-

120 1044 160 1105 *‚,
183 999 384 1078 comitibus
402 1000 452 1083 (a)
478 993 703 1092 suggeffill'e,
737 995 829 1070 velle
856 998 998 1094 Regem
1027 1018 1067 1070 ut
1097 1001 1215 1094 plures
1242 1001 1286 1071 de
1312 1003 1438 1078 haeresi

128 1150 158 1201 „
183 1100 367 1176 accusatos
402 1097 441 1169 hc
476 1096 525 1165 ob
560 1094 708 1164 haeresin
745 1095 947 1167 carceribus
982 1099 1204 1190 mancipatos
1237 1100 1438 1174 dimittant.

127 1247 156 1297 „
183 1197 352 1298 Querelis
384 1197 429 1266 de
464 1189 653 1263 haeresibus
688 1192 724 1264 δι
754 1193 931 1265 haereticis
957 1194 999 1263 ad
1027 1196 1140 1288 ipsum
1169 1196 1319 1289 delatis,
1364 1222 1437 1271 non

125 1351 156 1396 „
183 1299 296 1370 solum
322 1294 576 1366 baereticorum
602 1287 787 1384 suscepisse
814 1293 1078 1388 patrocinium,
1114 1292 1169 1365 sed
1198 1296 1235 1369 ὃ(
1262 1296 1439 1371 delatores

125 1446 154 1495 „
181 1396 309 1467 acriter
335 1387 618 1486 reprehendisse,
655 1391 835 1462 nonnullis
862 1393 897 1460 in
917 1414 1094 1481 carcerem
1116 1390 1302 1487 conjestis.
1345 1395 1439 1467 Non

124 1546 153 1593 „
179 1489 294 1566 solun
323 1490 442 1585 plures
469 1491 585 1581 Regis
611 1485 771 1559 subditos
798 1512 935 1561 veneno
963 1487 1136 1560 haereseos
1163 1488 1346 1584 infecisse,
1380 1492 1439 1566 sed

125 1643 155 1686 „
181 1590 321 1683 insuper
348 1588 479 1658 ultimo
507 1587 564 1655 die
590 1582 717 1656 Martii
736 1609 829 1657 anno
850 1588 973 1684 Regni
995 1585 1099 1685 hujus
1119 1587 1322 1680 tricesimo,
1348 1614 1439 1665 non·

126 1738 155 1786 „
180 1690 286 1762 nullis
310 1682 474 1757 adversus
498 1705 613 1755 novos
639 1685 946 1776 Concionatores,
975 1684 1177 1757 Barnesium
1198 1687 1236 1760 δε
1253 1689 1341 1761 alios
1360 1710 1440 1759 mo·

126 1836 156 1885 „
181 1789 227 1860 ris
246 1785 419 1883 querelis,
448 1780 595 1853 dixisse:
628 1784 768 1856 Illorum
786 1787 960 1857 Ceutrones
975 1787 1037 1878 effe
1054 1789 1174 1875 binas,
1194 1786 1232 1880 se
1249 1789 1291 1858 ab
1308 1789 1441 1861 illorum

124 1933 153 1982 „
174 1886 340 1979 sementia
359 1908 422 1956 nort
438 1878 663 1975 deceffurrrm,
689 1887 845 1978 quamvis
866 1886 941 1954 Rex
958 1890 1002 1954 ab
1019 1909 1057 1955 ea
1076 1886 1260 1975 deflessent
1277 1885 1349 1965 &a
1370 1938 1399 1977 „

174 1984 329 2080 Propter
357 1985 438 2053 liaee
465 1981 578 2075 igitur
606 1981 643 2051 dt
672 1983 760 2068 alia,
787 1981 824 2049 iri
845 1979 975 2075 quibus
994 1979 1120 2052 elatius
1140 1983 1172 2054 se
1191 1980 1323 2078 gessisse
1341 1982 1441 2056 dice·

125 2078 254 2172 batur,
283 2103 373 2152 cum
402 2101 466 2170 per
493 2078 551 2146 sex
576 2075 787 2166 septimanas
808 2077 842 2143 in
863 2102 1006 2149 carcere
1023 2078 1188 2150 detentus
1207 2078 1347 2173 suisset,
1374 2104 1442 2154 riec

126 2179 237 2255 alium
256 2174 320 2245 nifi
340 2174 454 2242 solum
476 2171 712 2241 Cranmeium
735 2169 906 2242 habuisset
929 2195 1118 2261 patronum
1137 2178 1219 2267 (b),
1238 2175 1260 2247 d
1288 2177 1443 2268 ablutis

125 2272 250 2370 eapite
268 2269 342 2360 est,
374 2263 475 2359 Jussu
497 2265 634 2359 Regis,
662 2268 723 2358 qui
744 2263 849 2337 nullis
869 2267 1122 2362 nullorumque
1141 2274 1309 2365 precibus
1328 2274 1445 2371 frangi

125 2387 293 2470 poterat,
320 2384 534 2451 truncatus,
558 2361 712 2433 eximius
731 2361 836 2458 plane
853 2389 894 2436 ac
915 2367 1116 2466 ingentium
1137 2372 1173 2438 in
1192 2369 1443 2442 Reformatio·

125 2490 209 2543 nem
239 2464 479 2562 Anglicanam
505 2460 718 2532 meritorum
747 2459 993 2556 consiliarius,
1030 2487 1071 2537 ac
1102 2468 1223 2536 Status
1253 2466 1443 2560 Minister,

126 2566 233 2664 cujus
249 2584 405 2636 mortem
429 2559 503 2656 ipse
521 2560 606 2630 Rex
626 2559 705 2652 (c),
731 2577 767 2631 at
784 2556 861 2631 seth
880 2563 986 2634 nimis
1005 2560 1156 2636 doluisse
1174 2563 1333 2652 dicitur3

1347 2663 1447 2739 Ante
1477 2692 1480 2699 ·

168 2787 221 2871 (a)
245 2782 372 2869 Quibus
390 2777 533 2861 suigerus
552 2774 583 2839 in
600 2775 720 2861 Anglii
735 2778 934 2859 dignitatibus
950 2779 982 2843 V
986 2780 1035 2844 ice
1051 2777 1217 2864 Comites,
1234 2783 1265 2851 bt
1281 2784 1446 2868 quoduam

126 2873 220 2954 hujus
246 2869 329 2935 riruli
347 2866 516 3016 stsdecus,
539 2861 707 2944 explicarit
724 2860 920 2931 SELDEN
929 2864 988 2930 US
1008 2867 1046 2930 de
1064 2865 1160 2934 titulis
1179 2870 1353 2959 Honorum
1372 2869 1446 2940 Lib.

129 2958 175 3025 ll.
259 3003 266 3018 .
310 2976 321 3019 r
349 3000 359 3018 .
388 2972 406 3016 e
433 2996 440 3012 .

172 2971 391 3123 (liigss5eriim
407 2968 446 3099 ilb
462 3030 554 3097 omni
571 3030 648 3096 suco
664 3032 803 3111 alienus,
827 3033 856 3096 in
874 3054 984 3099 amore
999 3053 1073 3117 erga
1090 3035 1190 3121 ipsum
1207 3038 1386 3121 persslens,
1409 3041 1449 3106 ad

130 3118 257 3207 Regem
282 3121 408 3201 scripsi.
446 3115 620 3199 „Semper
644 3115 675 3178 se
701 3114 897 3181 Crumwelli
923 3141 980 3201 pro
1005 3119 1095 3198 Rege
1119 3122 1385 3203 sollicitudiuem,
1414 3127 1448 3188 itt

131 3203 359 3290 „detegendis
393 3201 556 3284 quibusvis
587 3198 734 3264 adversus
759 3197 884 3281 Regem
911 3203 1190 3270 machinationibus
1216 3206 1248 3268 iri
1272 3207 1369 3288 pretio
1396 3207 1449 3270 ba·

133 3337 157 3372 „
180 3288 297 3363 buisse3
328 3301 411 3349 tauta
434 3285 535 3368 ipsum
564 3283 712 3347 fidelitate
736 3301 774 3345 ac
799 3303 838 3345 eo
864 3285 1003 3350 successu
1031 3284 1111 3370 Regi
1133 3287 1284 3366 serviisse,
1316 3306 1349 3354 ut
1366 3291 1448 3357 nulli

132 3419 157 3457 ,‚
179 3371 307 3455 Angliae
326 3368 407 3456 Regi
424 3387 488 3435 tam
506 3369 637 3433 fidelem
657 3367 782 3431 servum
801 3365 891 3431 fuisse
908 3369 1092 3450 crediderit,
1119 3389 1214 3456 atque
1230 3394 1266 3437 ea
1283 3376 1322 3439 de
1337 3377 1447 3460 causa,

134 3502 159 3540 „
183 3459 213 3520 se
229 3458 328 3538 ipsum
344 3475 404 3521 ceu
420 3459 535 3533 talem,
554 3454 609 3536 qui
628 3448 753 3535 Regem
770 3470 830 3532 pra
848 3453 956 3517 ceteris
974 3468 1110 3532 amaret,
1127 3472 1236 3521 amore
1253 3457 1343 3524 suisse
1355 3480 1449 3526 com·

136 3584 160 3622 „
183 3543 323 3621 plexum.
362 3540 465 3620 Quod
489 3538 510 3602 s
535 3537 673 3620 persidas
691 3557 727 3600 ac
743 3537 883 3619 proditor
901 3536 954 3617 stt,
978 3540 1124 3618 gratulari
1142 3544 1171 3605 se
1191 3539 1271 3617 Regi
1288 3546 1327 3607 de
1342 3547 1450 3628 prodi·

135 3669 161 3707 „
182 3623 269 3685 tione
290 3620 432 3698 deteda,
464 3619 642 3702 Deumque
686 3620 800 3698 recati,
833 3636 866 3683 ut
889 3621 919 3684 iu
944 3620 1012 3702 ejus
1040 3626 1152 3690 lucum
1177 3629 1271 3690 taleni
1292 3629 1452 3696 tubunas

136 3755 161 3792 0,
187 3701 432 3780 (ἷῦὓίῖῐῐίῐῑῦῐῐῖ,
463 3702 518 3784 qul
543 3703 574 3768 ἃ
599 3724 640 3785 ρο
679 3721 690 3767 t
715 3703 744 3768 &
771 3704 846 3768 velit
870 3703 952 3789 Regi
967 3726 1004 3769 es
1021 3707 1189 3787 fidelitate,
1213 3732 1309 3790 quum
1330 3714 1449 3778 Crom-

61 3856 64 3861 ,
138 3839 162 3876 „
187 3790 306 3851 wellus
332 3784 470 3870 praellare
491 3784 669 3866 videbatur,
695 3787 820 3853 servite.
836 3837 858 3871 „
898 3785 938 3853 Fi
956 3789 1097 3854 succtffit
1115 3814 1149 3856 ea
1166 3814 1213 3859 res
1231 3796 1281 3878 ipsi
1299 3799 1451 3880 equidem

139 3869 304 3962 prospere,
339 3884 372 3931 ur
399 3886 503 3932 tamen
530 3867 774 3938 Cromweslum
796 3877 835 3940 ab
857 3873 952 3941 exitio
970 3875 1096 3943 liberate
1112 3883 1207 3947 nullu
1223 3881 1325 3945 modo
1340 3877 1454 3966 posses.

136 3950 409 4041 QBURNET.
433 3957 454 4015 1.
474 3972 501 4018 c.
527 3951 671 4032 fol.i55.
1133 3996 1136 4001 .
1272 3963 1281 3978 ⁴

132 4068 154 4095 ·,
179 4047 235 4128 (e)
257 4035 478 4112 BURNET.
503 4037 764 4121 l.c.sul.159.a
