3322 4456
784 304 917 399 (rot.)

192 429 472 534 sepelirem),
491 426 792 526 &purgationem
812 422 1037 523 objeblorum
1056 426 1256 504 criminum.
1283 431 1406 528 Quare
1419 455 1494 507 ma.

190 537 248 631 gis
272 526 532 626 deprecandum
559 523 626 597 elle
652 525 790 619 procis
813 524 1001 614 duximus,
1036 525 1119 617 quia
1134 524 1306 600 dodlrinee
1324 529 1493 604 conlelllo

191 629 343 726 piacli,
369 628 406 701 ὅ(
425 622 517 696 haud
536 619 645 693 dubie
656 643 743 716 pura
760 618 931 693 sententia
947 619 1149 693 Catholicae
1161 620 1333 697 Ecclefiae
1345 628 1494 723 Christi,

191 747 296 820 quarn
318 723 355 797 δε
375 744 438 794 nos
456 717 681 814 profitemur.

237 823 393 893 Oramus
412 820 524 911 igitur
542 816 694 910 Regram
715 810 809 886 Cels.
830 811 993 886 Vestram
1008 815 1052 884 itt
1070 830 1146 884 tum
1167 816 1394 910 captivorum
1407 818 1490 892 illo·

191 939 292 1008 rum,
325 935 401 985 tum
429 912 604 1001 aliorum,
639 907 664 979 fi
688 913 747 1004 qui
768 932 917 1005 propter
933 910 1068 982 easdem
1087 909 1201 982 causas
1221 913 1488 1008 periclitantur,

190 1014 277 1085 vita:
298 1029 437 1104 pareat,
466 1004 598 1100 eosque
615 1005 774 1077 dimittat
792 1006 1002 1078 incolumes.

238 1107 417 1179 Audimus
441 1102 611 1199 quidem,
637 1101 817 1175 nonnullis
834 1103 884 1174 ita
902 1103 1040 1174 veniam
1062 1101 1233 1192 concedi,
1259 1122 1301 1175 ut
1319 1103 1512 1200 abjiciant‘

181 1192 445 1276 ¹confelltonem
465 1197 662 1289 dodirinae‚
688 1220 793 1293 quam
812 1195 878 1310 ipo
895 1199 991 1294 piam
1009 1197 1076 1270 elle
1086 1222 1157 1271 non
1168 1200 1355 1288 dubitant:
1373 1201 1488 1298 Quod

193 1296 278 1391 ciam
300 1297 415 1371 facere
434 1292 509 1392 ipsa
527 1302 643 1367 morte
662 1291 704 1365 fit
721 1293 902 1388 acerbius,
929 1297 1083 1367 Oramus
1102 1315 1142 1368 ut
1161 1297 1279 1393 Regia
1296 1296 1391 1371 Cels.
1414 1296 1487 1372 lle·

190 1396 260 1468 stra
279 1393 313 1467 id
332 1416 477 1492 quoque
495 1409 643 1487 propter
655 1389 782 1463 Deum
794 1391 959 1487 mitiget.
986 1391 1119 1486 Neque
1134 1396 1228 1464 enim
1248 1396 1389 1491 ignorat
1398 1385 1486 1469 Mal

184 1491 289 1590 jestas
315 1489 450 1581 vestra,
485 1511 588 1583 quarn
616 1507 725 1582 grave
751 1485 793 1558 fit
810 1487 964 1583 aliquid,
999 1488 1192 1583 prasertim
1213 1493 1249 1561 in
1267 1491 1486 1589 Religione,

190 1609 317 1661 contra
334 1586 585 1660 eonscienttam
601 1580 812 1678 approbare.

235 1684 317 1758 Erit
343 1683 424 1754 haec
449 1681 639 1754 clementia
655 1699 755 1775 grata
773 1679 878 1771 Deo,
905 1680 950 1754 dt·
961 1679 1105 1752 habebit
1123 1684 1271 1776 praemia
1285 1681 1486 1780 divinitus,

188 1778 281 1855 ficut
309 1778 398 1852 Psal.
417 1779 549 1875 inquit.
583 1779 711 1850 Beatus
727 1781 784 1872 qui
799 1781 957 1874 intelligit
965 1777 1067 1873 super
1082 1800 1213 1876 egenum
1230 1781 1272 1862 ὅ
1284 1802 1484 1878 pauperem,

186 1884 223 1952 in
239 1881 292 1950 die
308 1879 399 1949 mala
416 1876 571 1950 liberabit
587 1897 659 1946 eam
676 1873 785 1947 Deus.
1068 1940 1069 1945 ,

235 1973 359 2066 Quare
376 1992 417 2045 ut
435 1973 501 2044 hac
519 1971 555 2040 in
573 1991 611 2041 re
630 1991 715 2064 erga
733 1967 876 2042 miseros
893 1969 995 2064 illos,
1019 1970 1224 2068 ubicunque
1245 1971 1332 2065 lint,
1360 1973 1393 2049 se
1411 1976 1485 2052 cle·

186 2087 344 2141 mentem
371 2067 517 2163 praestet
542 2065 662 2161 Regia
686 2064 854 2161 Majestas
873 2065 1004 2157 vestra,
1030 2071 1133 2140 etiam
1153 2090 1260 2166 atque
1278 2072 1383 2145 etiam
1402 2096 1484 2148 ore·

187 2185 280 2235 mus.
322 2162 437 2257 quue
462 2160 529 2233 erit
557 2177 633 2230 tum
662 2158 787 2248 nobis,
816 2176 892 2229 tum
912 2161 1079 2234 omnibus
1094 2164 1188 2252 istis,
1213 2165 1275 2259 qui
1293 2169 1483 2245 nobiscum

185 2256 329 2332 eandem
357 2254 589 2352 Religionem
618 2250 857 2349 profitentur,
891 2259 1038 2328 maximi
1064 2256 1230 2333 beneficii
1253 2261 1359 2354 loco,
1388 2287 1482 2358 prte-

185 2354 329 2445 serti'm,
366 2351 392 2425 fi
420 2351 661 2446 intelligamus
678 2349 758 2421 illos
777 2348 895 2422 nostrai
914 2351 1155 2427 interceffione
1173 2353 1274 2429 foille
1292 2357 1480 2435 liberatos:

187 2451 226 2526 bt
251 2449 346 2546 apud
370 2447 485 2522 bonos
511 2468 632 2518 omnes
658 2468 729 2516 non
748 2444 930 2543 vulgarem
950 2450 1150 2524 clementiae
1170 2453 1207 2527 δε
1225 2453 1482 2532 moderationis
1524 2506 1529 2511 ,

184 2546 326 2620 laudem
344 2547 464 2642 Regia
479 2544 513 2615 di
545 2543 633 2615 nitas
650 2539 763 2613 vestra
780 2544 970 2619 obtinebit.

185 2726 187 2732 ,
231 2638 316 2716 Nos
341 2643 470 2732 etiam,
512 2640 628 2733 rhaec
656 2639 949 2736 impetrabimus,
976 2643 1273 2737 quemadmodum
1292 2647 1386 2720 bona
1403 2647 1480 2744 spes

183 2738 258 2832 est,
293 2736 511 2828 studebimus
536 2733 707 2828 vicillrm,
741 2736 868 2829 quibus
887 2742 1083 2831 poterimus
1100 2738 1227 2814 officiis
1246 2768 1418 2818 memores
1438 2747 1478 2824 dt

103 2842 105 2851 '
181 2848 304 2933 gratos
321 2836 458 2907 animos
476 2829 796 2926 testari,'optantes
815 2854 855 2905 ut
875 2834 1081 2930 Deus‘Opr.
1093 2838 1196 2910 Max.
1208 2839 1300 2912 Cels.
1311 2839 1476 2915 Vestram

181 2935 244 3006 diu
260 2931 374 3006 servet
392 2929 608 3003 incolumem
629 2928 665 3002 bt
682 2927 882 3003 florentem.
894 2934 947 3023 (⁸⁸)
977 2934 1083 3006 Datae
1097 2937 1288 3011 Ratisbonae
1305 2937 1477 3014 ricefimo

182 3021 426 3132 tertioMaji,
452 3031 560 3101 Anno
579 3026 778 3122 Christiane
796 3025 935 3123 salutis,
966 3030 1021 3102 M.
1043 3033 1091 3105 D.
1107 3029 1216 3106 XLl.

781 3384 823 3459 N
853 3407 869 3481 3
1356 3391 1474 3479 Num.

222 3631 270 3710 (a)
294 3625 341 3692 Ea
357 3622 399 3689 est
417 3622 601 3713 Conferre,
626 3650 723 3713 quam
741 3625 904 3694 NoXV.
928 3629 1141 3733 exhibuimusa

220 3765 271 3844 (*)
304 3760 434 3843 Legitur
465 3765 530 3827 hae
562 3764 701 3848 Epistola
730 3768 761 3830 in
793 3765 972 3830 Volumine
1002 3767 1363 3854 Epillolarum·Philippi
1388 3767 1475 3835 ME·

178 3844 533 3917 LANCl-ITHONIS
559 3845 714 3916 Editionis
738 3848 973 3934 Londinensrs,
999 3851 1034 3935 in
1056 3851 1148 3921 lolio.
1188 3852 1260 3920 Lib.
1280 3855 1342 3920 111.
1366 3849 1424 3934 Ep.
1443 3870 1474 3919 2.

176 3950 208 4013 r·
224 3927 297 4015 488·
312 3927 385 4015 489·
