3322 4456
770 342 901 438 (¹6¹·)

188 474 283 549 tatus
301 467 363 546 est.
407 470 449 545 ln
467 469 534 543 hac
552 491 589 542 re
606 491 748 541 omnem
768 467 1030 543 solicitudinem
1047 469 1233 561 exercuit,
1254 494 1376 547 omnes
1394 471 1486 549 viret

186 572 375 659 exhibuit,
409 590 570 663 quaerens
596 589 668 637 non
687 588 768 659 quae
786 563 845 638 sua
862 565 1026 655 fuerunt,
1052 565 1209 660 sedquae
1228 569 1375 644 Christi.
1414 571 1485 645 His

188 668 386 739 Mandatis·
406 663 594 736 obediebat
629 658 939 735 Christianissrmus
973 663 1086 752 Rex,
1136 663 1189 734 his
1224 666 1484 740 monitionibus

180 765 331 857 parebat
351 762 508 859 Populus
528 761 609 831 Deo
627 759 789 846 deditus,
815 783 887 832 non
904 759 986 855 quia
997 751 1147 852 jubebat
1161 760 1295 860 homo,
1314 765 1486 839 Romanus

187 859 409 1025 Episcopqq,
428 856 483 930 sed
503 858 584 952 quia
602 855 744 928 mandat
756 855 869 929 Deus.
896 857 988 930 Non
1006 854 1073 929 suis
1092 855 1210 959 verbis
1227 857 1391 932 hortatus
1408 859 1483 953 est,

187 957 244 1028 sed
265 958 354 1029 Chri
390 957 413 1026 i.
943 994 944 997 =

236 1053 293 1124 Ab
322 1054 393 1123 hoc
420 1049 530 1124 verbo
558 1072 640 1122 curn
668 1048 935 1147 degeneraverit
958 1052 1128 1123 Romanus
1147 1047 1369 1147 Episcopus,
1396 1051 1485 1148 quid

182 1149 335 1242 justius,
361 1170 464 1243 quam
485 1148 611 1238 illum,
638 1148 890 1220 &ambitiosos
907 1148 982 1245 ejus
992 1148 1155 1219 Canones
1173 1171 1295 1219 omnes
1314 1150 1484 1246 rejicere,

184 1244 346 1342 respuere
364 1243 530 1342 prorsus?
559 1244 649 1314 Non
667 1246 760 1314 enim
779 1243 860 1317 sunt
877 1243 1035 1334 Christi,
1062 1242 1118 1316 sed
1133 1244 1221 1317 uere
1240 1244 1344 1340 hujus
1363 1244 1485 1319 saeculi
1536 1308 1542 1321 ,

94 1369 99 1381 ·
185 1341 371 1432 Canones,
397 1340 508 1434 quid?
535 1340 629 1412 aliud
648 1363 751 1435 quarn
771 1340 938 1433 Fastum,
959 1341 1230 1432 Ambitionem,
1250 1342 1484 1436 superbiam,

185 1441 383 1511 Avaritiam
404 1462 475 1510 non
495 1438 639 1510 docent.
666 1438 766 1508 Hinc
784 1436 930 1534 insignis
946 1437 1152 1533 hujusmodi
1172 1441 1371 1532 Primatus,
1399 1441 1485 1514 hinc

187 1538 422 1624 Dominum,
458 1535 642 1629 plusquam
667 1535 814 1629 Regum
834 1535 1032 1625 Gentium,
1057 1534 1141 1605 hinc
1159 1534 1420 1608 abhorrendum
1439 1537 1485 1611 il·

185 1630 246 1703 lud
264 1632 400 1704 Pedum
421 1630 610 1703 Osculum.
639 1631 771 1704 Paulas
790 1631 826 1704 &
844 1631 1024 1704 Barnabas
1041 1629 1246 1703 exsilierunt
1263 1635 1299 1703 in
1318 1633 1484 1729 turbam,

184 1731 291 1800 etiam
319 1726 495 1800 conscillis
521 1725 677 1799 vestibus
704 1751 778 1822 prae
803 1727 949 1818 dolore,
975 1750 1060 1800 cum
1084 1750 1145 1800 eos
1162 1752 1215 1801 cae
1245 1727 1320 1802 isset
1338 1730 1484 1806 adorare

181 1825 371 1921 Populus,
413 1827 634 1915 clamantes,
678 1825 715 1899 ἃ
743 1848 806 1898 nos
832 1825 1000 1898 mortales
1024 1822 1172 1917 sumus,
1210 1754 1337 1900 similes
1363 1826 1484 1902 Vobis

181 1923 360 1996 Homines
379 1930 458 1995 Aci.
475 1947 529 2015 14.
556 1923 650 1995 Cum
672 1947 757 1994 vero
772 1922 816 1997 ad
830 1925 931 1995 Patri
946 1922 1052 2018 pedes
1070 1923 1273 2019 procideret
1289 1929 1483 2021 Cornelius,

181 2020 282 2092 illico
306 2021 460 2092 elevavit
486 2043 567 2095 curn
596 2020 721 2091 Petrus
738 2021 881 2111 dicens,
909 2023 1034 2114 Sarga,
1064 2023 1106 2101 ἐφ’
1125 2047 1178 2116 aga
1196 2020 1260 2117 ipsa
1277 2027 1384 2096 Homo
1394 2025 1485 2116 sum.

183 2115 266 2186 Ad.
291 2138 344 2185 ro.
377 2115 562 2210 Quoniam
589 2116 701 2207 igitur
726 2117 835 2187 modo
859 2117 963 2207 cupit
981 2119 1151 2187 Romanas
1172 2118 1372 2214 Episcopus
1390 2123 1484 2197 utei

184 2208 252 2282 srnt
277 2208 458 2280 audientes
485 2208 678 2281 Christiani
707 2209 859 2303 Populi,
893 2209 1079 2304 postquam
1102 2214 1222 2282 omnia
1240 2236 1322 2306 quae
1341 2217 1486 2290 mandat

183 2325 254 2380 tarn
274 2305 354 2378 sunt
371 2303 511 2376 adversa
529 2301 699 2375 Chrislo?
727 2304 805 2377 Aut
822 2326 910 2401 ergo
928 2304 1093 2377 Christus
1110 2307 1317 2381 deserendus
1331 2309 1403 2403 est,
1421 2329 1485 2386 aut

181 2399 237 2476 his
263 2402 422 2574 mqribus
448 2405 617 2479 Romanas
635 2397 848 2498 Episcopus.
892 2402 1017 2475 Nemo
1037 2403 1152 2497 potest
1169 2403 1310 2479 duobus
1326 2405 1380 2480 his
1400 2408 1483 2481 Do·

185 2523 292 2573 mrnts
323 2524 448 2573 ervire.
901 2529 907 2535 ”

226 2596 414 2689 Quamdiu
454 2593 636 2670 Christum
672 2592 809 2690 sequuti
846 2592 927 2667 sunt
961 2598 1107 2670 Romani
1141 2596 1343 2695 Episcopi,
1384 2601 1483 2678 nulla

180 2690 250 2766 suit
283 2694 446 2765 omnium
483 2692 767 2766 Christianorum
806 2690 954 2785 Natio,
994 2713 1066 2764 tam
1099 2694 1150 2766 illi
1178 2694 1364 2790 subjed’ta,
1408 2720 1483 2776 tam

178 2789 347 2866 obediens
390 2797 488 2883 (non
526 2789 697 2886 supremae
733 2788 920 2862 Potestaris
955 2793 1093 2886 gratia,
1144 2790 1203 2864 sed
1238 2795 1296 2866 sua
1331 2793 1481 2892 sponte)

179 2913 285 2985 quam
312 2894 476 2988 Anglica,
511 2888 546 2960 in
573 2909 737 2984 magnam
764 2909 876 2983 usque
900 2887 1198 2983 superstitionem.
1248 2892 1383 2986 Neque
1407 2917 1483 2968 non

177 2987 239 3061 diu
277 2987 314 3062 δε
350 2988 474 3060 multis
505 2984 649 3082 quidem
675 2983 773 3058 annis
798 2984 1038 3059 intolerabiles
1064 2986 1108 3059 ab
1133 2987 1200 3069 hac
1222 2985 1301 3062 sede
1331 2993 1484 3067 Romana

179 3084 358 3158 molestias
382 3079 600 3180 injuriisque
627 3081 818 3156 substinuit
845 3089 987 3181 Anglica
1010 3083 1242 3179 Respublica.
1291 3087 1483 3180 Postquam

176 3203 286 3351 hero,
314 3204 433 3348 nequle·
456 3180 583 3299 modae
608 3203 722 3348 nequg
747 3177 829 3288 sinis
855 3183 1000 3291 reperiri
1029 3183 1482 3350 podsset,sprqqentisfimus
1564 3184 1566 3193 '

176 3296 652 3464 nsafllsdsahs,
677 3296 1277 3449 {assassinisads..
1294 3303 1482 3475 stall}

177 3498 222 3546 ne
258 3470 496 3545 obedientiam
532 3471 586 3544 illi
622 3468 860 3567 praestemus,
903 3472 964 3565 qui
1000 3470 1102 3543 nullo
1130 3472 1241 3546 verbo
1278 3475 1349 3546 Dei
1377 3476 1482 3552 Obe-

177 3570 348 3644 dientiam
378 3571 507 3668 exigit.
548 3571 626 3663 Qui
649 3593 738 3669 ergo
766 3568 987 3641 Christianus
1016 3569 1053 3644 &
1080 3569 1200 3642 haberi
1230 3569 1268 3644 &
1294 3570 1361 3647 else
1380 3575 1482 3671 vult,

177 3668 314 3740 Christi
342 3667 454 3740 verbo
481 3668 650 3761 obediat,
689 3664 825 3739 necesse
849 3666 913 3739 est.
955 3669 1056 3764 Regi
1076 3666 1222 3741 obedire
1239 3672 1351 3743 teneri
1371 3673 1483 3748 verbo

179 3765 275 3857 Dei,
302 3786 341 3838 ut
361 3763 546 3862 perspicue
564 3765 774 3857 docuimus,
801 3767 948 3838 Romano
969 3762 1152 3864 Episcopo
1171 3769 1387 3865 neutiquam.
1416 3771 1484 3862 Ju-

178 3863 240 3940 bet
266 3865 436 3940 Romanas
455 3861 676 3962 Episcopus,
705 3882 746 3937 ut
763 3862 871 4035 illiie
889 3861 1074 3961 subjicias:
1108 3863 1219 3960 Jubet
1236 3867 1345 3963 Rex,
1370 3865 1484 4038 ‘'ng

467 3995 469 3999 ·
1439 3987 1485 4043 et.
