3322 4456
177 455 284 553 ipfis,
316 471 473 550 ereptam
499 448 693 525 licentiam.
735 320 905 548 ldilqltlsdr
924 425 1053 546 purant
1072 470 1172 546 aequa
1187 472 1209 522 a
1226 445 1258 548 st.
1276 412 1282 422 ο
1299 406 1474 547 ¹ollula'ril

176 555 238 720 qui
267 551 405 644 legibus
432 549 537 622 nullis
563 549 596 621 se
620 546 779 621 subditos
796 546 863 619 elle
882 547 1023 619 volunt.
1068 547 1249 642 injuriisa
1291 549 1324 621 ci
1344 545 1376 619 se
1395 567 1473 617 cre·

203 665 291 736 unt,
317 644 412 740 quod
433 646 484 717 illi
503 645 651 717 aliosne
669 640 826 716 afficiant
844 642 1113 738 prohibeantur.
1147 640 1284 712 Vident
1303 642 1474 729 interdic·¹

177 763 229 816 tas
245 742 548 840 indulgentiarum
569 763 724 830 merces,
750 740 932 836 ingentem
953 740 1027 811 auri
1047 739 1118 808 vim
1140 737 1222 808 hinc
1243 736 1303 807 srbi
1323 737 1473 832 periisse.

178 839 393 934 Diplomata
419 838 508 908 nulli
525 839 596 929 jam
616 834 763 925 obtrudi
780 835 890 931 polle.
934 834 1118 907 Nimirum
1140 835 1272 930 Anglia
1291 834 1474 906 infantiam

176 936 316 1031 posuit,
352 935 476 1007 Nemo
503 933 575 1024 est,
610 933 671 1028 qui
698 929 850 1024 nesciat,
886 932 992 1003 stulte
1018 927 1133 1001 facere
1159 953 1241 1019 eos,
1269 932 1473 1021 quiaurqm

160 1024 349 1127 plumbo,
369 1025 610 1102 etiamsrPetri
622 1028 658 1102 dt
671 1026 769 1098 Pauli
788 1028 892 1101 saciet
909 1028 951 1098 ad
970 1025 1180 1122 imposturas
1195 1023 1351 1119 prostet‚
1371 1046 1472 1095 com·

179 1145 333 1198 mutant.
378 1127 458 1197 lmo
477 1123 599 1197 dolent
617 1120 815 1197 sanctorum
835 1125 956 1197 vultus
975 1124 1101 1193 horum
1122 1123 1289 1211 audacia,
1312 1123 1355 1194 ad
1374 1142 1473 1215 quae·

179 1223 269 1294 llum
289 1221 386 1316 cogi.
404 1223 408 1228 ’
429 1221 540 1293 Certe
558 1219 622 1291 nili
642 1219 756 1313 superi
773 1220 876 1293 nobis
893 1221 972 1292 irati
990 1240 1144 1290 mentem
1164 1217 1342 1308 adimant,
1366 1217 1475 1311 Papae

177 1341 307 1390 nomen
334 1319 441 1389 etiam
467 1315 562 1411 apud
589 1315 729 1411 Anglos
749 1315 848 1388 brevi
868 1316 1112 1404 interciderit,
1138 1315 1268 1385 nedum
1286 1311 1475 1386 auctoritas

178 1416 251 1486 ulla
261 1411 446 1486 illisuerit.
473 1409 639 1484 Profeelo
649 1415 708 1507 jus
719 1410 884 1484 illesuum
896 1415 931 1484 in
942 1436 1027 1502 nos,
1046 1435 1086 1483 ac
1097 1411 1192 1481 cives
1202 1408 1360 1501 nostros,
1377 1408 1475 1504 post·

143 1590 148 1597 ,
178 1510 245 1595 hac
263 1531 440 1603 nunquam
459 1509 652 1579 exercebit.
687 1506 745 1578 Ab
764 1508 827 1580 illo
847 1507 1035 1580 consilium
1054 1524 1173 1600 petere
1192 1524 1268 1576 tum
1287 1504 1475 1600 volumus,
1492 1498 1508 1581 ,'

177 1626 262 1678 cum
283 1604 382 1676 lubet
400 1603 540 1698 decipi,
566 1602 662 1693 salli,
687 1625 812 1677 errare.
839 1607 898 1676 A'n
917 1603 939 1673 st
960 1626 1004 1674 ex
1022 1599 1260 1673 fraudulenter
1274 1598 1376 1698 jaslis
1393 1600 1475 1674 sun·

178 1701 351 1773 dumentis
378 1697 635 1772 fraudulentam
658 1696 737 1772 sore
753 1719 865 1773 totam
885 1687 1055 1771 fabricam
1075 1698 1255 1790 conjicere
1272 1696 1323 1768 sas
1343 1696 1406 1788 stt,
1431 1693 1476 1770 'ab

177 1798 252 1870 islis
276 1793 441 1894 expedias
466 1794 585 1888 aliud,
611 1804 715 1890 quam
736 1796 878 1892 pietatis
896 1795 1108 1869 Christianae
1126 1814 1271 1880 cruces,
1299 1795 1477 1887 carceres,

177 1891 366 1966 flammas?
408 1891 583 1966 Veritatis
607 1891 782 1965 vulnera?
815 1890 1031 1965 cicatrices?
1065 1888 1274 1960 interitum?
1311 1891 1420 1962 Aliud
1450 1889 1476 1963 ti

178 1994 264 2084 quid
282 1991 350 2063 erit
369 1989 406 2059 in
424 1986 495 2060 h'oc
515 1987 764 2060 Mantuanenli
783 1987 939 2061 consessu
960 1987 1150 2078 statutum,
1170 1986 1356 2057 nobiscum
1373 1988 1478 2086 cogi-

178 2106 282 2175 tate,
310 2081 531 2155 Pontificum
551 2105 627 2152 non
646 2082 861 2156 mediocrem
880 2082 1018 2154 laudem
1036 2080 1127 2169 effe,
1153 2081 1343 2154 honestatis
1362 2080 1479 2178 specie

176 2180 220 2250 ad
238 2177 429 2259 honestatis
446 2177 641 2270 perniciem
660 2176 805 2247 subinde
821 2176 932 2249 abuti.
960 2177 1123 2265 Volunt,
1148 2198 1230 2246 cum
1249 2178 1358 2267 libet,
1377 2203 1478 2272 quae·

166 2270 319 2346 'damin
343 2271 496 2368 gratiam
524 2268 723 2343 conceffilse
748 2268 890 2363 videri,
934 2272 1105 2364 nusquam
1134 2272 1248 2365 magis
1271 2274 1478 2368 metuendi,

177 2393 284 2469 quam
312 2390 394 2441 cum
414 2367 569 2437 maxime
585 2364 688 2438 nobis
705 2363 986 2462 obsequundant.
1027 2365 1118 2438 Falli
1136 2366 1289 2456 volunt,
1315 2368 1386 2442 hoc
1403 2368 1478 2465 est,
1502 2398 1505 2402 ⁴

205 2468 365 2540 atiuntur
391 2458 638 2559 quaedam-sua
665 2460 833 2557 dogmata
857 2462 1026 2558 explodi,
1061 2460 1185 2535 abusus
1203 2464 1340 2559 aliquot
1357 2489 1479 2564 repre·

178 2492 298 2635 flendi.
324 2560 462 2633 Verum
482 2581 564 2630 cum
584 2555 647 2628 ista
666 2558 886 2654 largiuntur,
938 2560 1014 2630 lura
1027 2557 1064 2631 dt
1083 2558 1374 2656 longegraviora
1389 2586 1487 2660 pos..
1611 2598 1613 2603 ·

182 2660 283 2730 cimt.
319 2654 397 2726 Vix
416 2652 495 2725 fieri
513 2651 653 2748 potest,
679 2672 719 2726 ut
737 2652 803 2724 tibi
820 2653 894 2726 abi
928 2655 955 2728 is
972 2651 1053 2727 satis
1070 2677 1203 2726 caveas.
1229 2656 1398 2731 Profecto
1414 2683 1478 2734 ac·

178 2750 366 2853 cedant-ad
385 2752 443 2822 has
461 2751 667 2822 technarum
687 2749 878 2840 nundinas,
897 2749 940 2822 ad
956 2752 1015 2822 has
1034 2747 1196 2823 fraudum
1211 2749 1394 2848 officinas,
1412 2759 1477 2869 qui

176 2851 331 2943 uolunt,
355 2872 420 2922 nos
439 2847 501 2944 jus
518 2844 675 2919 nostrum
695 2846 876 2919 incolume
893 2847 1072 2937 volumus.
1116 2847 1204 2920 Nos·
1223 2873 1338 2943 neque
1354 2874 1477 2926 reure-

114 2992 116 2994 -
178 2972 257 3060 mus
283 2944 373 3044 ipli,
407 2965 521 3041 neque
548 2964 750 3041 quenquam
769 2943 928 3018 nostrum
947 2961 1216 3042 procuratorem
1236 2948 1312 3022 illic
1328 2947 1396 3021 effe
1413 2972 1479 3046 pa·

103 3072 106 3079 ’
177 3063 320 3118 tremur.
750 3053 764 3080 ⁸

224 3136 408 3213 Haslenus
433 3138 525 3211 hanc
551 3160 624 3213 rem
650 3141 700 3213 ita
724 3139 1002 3236 disputavimus,
1036 3140 1184 3237 perinde
1206 3166 1247 3214 ac
1267 3141 1291 3213 fi
1311 3144 1478 3219 Mantuae

177 3233 388 3307 Concilium
414 3231 575 3307 futurum
602 3232 699 3309 essct.
743 3237 858 3309 Nunc
886 3238 1081 3332 paucisne
1106 3260 1145 3308 ea
1169 3237 1267 3308 bulla
1293 3237 1493 3332 dicemus,-

177 3353 259 3426 quae
285 3352 399 3427 nuper
425 3330 635 3403 Concilium
653 3331 697 3403 ad
714 3331 887 3405 Calendas
907 3333 1159 3423 Novembres,-
1185 3333 1284 3404 nullo
1302 3334 1364 3408 ubi
1383 3335 1478 3411 cele·
1526 3341 1531 3349 '

176 3426 323 3517 bretur,
358 3424 542 3524 defignato
569 3427 676 3519 loco,
709 3427 937 3524 prorogarit,
972 3429 1030 3499 An
1053 3451 1126 3499 non
1144 3427 1334 3504 verisimile
1350 3429 1424 3523 est,
1451 3431 1480 3509 ri

176 3544 349 3620 nusquam
369 3524 592 3616 celebretur,
619 3524 643 3597 fi
662 3526 758 3621 Papa
774 3523 897 3598 locum
917 3525 1079 3615 nullum,
1105 3547 1178 3618 quo
1196 3523 1381 3600 vidioriam
1400 3529 1479 3626 spe·
1524 3602 1529 3613 ,

175 3640 291 3694 rantes
310 3616 436 3714 mystae
455 3617 506 3705 sui
525 3620 733 3713 confluant,
759 3622 931 3719 reperiat,
960 3619 984 3693 sr
1002 3620 1156 3715 denique
1172 3621 1381 3696 Concilium
1396 3628 1478 3700 nul·

176 3715 253 3788 lum
279 3716 409 3789 nullibi
437 3714 502 3807 lit,
536 3718 632 3790 nulla
657 3717 800 3791 decreta
818 3722 854 3791 in
870 3742 914 3791 eo
931 3739 1057 3792 contra
1074 3719 1282 3816 religionem
1303 3720 1478 3796 Christia-

176 3836 258 3887 nam
276 3811 519 3889 .coustitutum
545 3813 614 3889 iri?
647 3811 820 3984 Fadium-Z,
854 3817 905 3890 ita
930 3817 1031 3893 Deus
1046 3815 1137 3890 bene
1153 3837 1249 3892 amet
1267 3816 1418 3986 Paulupn
1438 3817 1477 3893 dt

193 3958 197 3964 -
847 3933 865 4008 3
1298 3986 1301 3993 ,
1388 3935 1476 4009 uos,
