3322 4456
797 339 816 424 t
830 334 932 429 104)

219 456 393 534 Ecclefia:
421 479 490 555 pax
514 455 791 532 conservaretur.
834 461 933 533 Nam
952 478 1036 533 curn
1055 457 1218 556 professio
1236 461 1338 539 nobis
1357 466 1515 565 iugentia

219 559 401 653 pericula,
428 557 585 648 labores,
610 557 769 651 sumptus
786 556 942 648 adserat,
970 582 1043 630 non
1061 558 1111 630 cll
1128 558 1423 655 existimandum,
1450 591 1518 639 nos

223 654 365 748 privatas
392 654 590 750 cupiditate
610 655 694 726 huic
713 657 863 749 negotio
883 655 1021 743 lavere..
1046 654 1137 726 Nou
1155 659 1249 727 enim
1269 657 1316 728 ob
1334 662 1416 733 alias
1432 685 1515 736 cau·

221 747 272 822 sas
289 748 414 822 abusus
431 751 566 846 corrigi
585 748 829 843 permisimus,
855 749 919 822 nili
938 771 1087 848 propter
1103 752 1254 847 gloriam
1271 752 1359 828 Dei.
1393 756 1518 848 Quare

222 868 309 918 cum
336 846 584 943 cognitionem
610 845 783 919 Ecclefiae
810 846 946 941 semper
971 846 1271 943 flagitaverimus,
1296 874 1518 948 nequaquam

223 940 379 1016 accusari
406 942 586 1037 possumus
611 964 776 1040 tanquam
803 942 950 1040 sejunsli
976 944 1020 1015 ab
1048 943 1221 1018 Ecctefia.
1261 947 1309 1018 Et
1329 971 1451 1022 omnes
1467 950 1519 1022 sa·

224 1040 363 1134 pientes
381 1041 564 1133 Principes
581 1041 715 1135 ubique
733 1063 892 1130 oramus,
910 1042 956 1112 ne
976 1040 1063 1134 quid
1081 1041 1126 1111 de
1142 1043 1245 1114 nobis
1257 1042 1430 1137 statuant,
1450 1045 1521 1119 stne

227 1138 465 1237 cognitione,
495 1158 576 1231 quae
592 1137 696 1207 decet
715 1136 788 1209 Dei
806 1134 1015 1207 Ecclesiam.
1043 1137 1140 1208 Haec
1159 1141 1288 1233 petitio
1306 1163 1390 1211 cum
1412 1142 1454 1215 lit
1472 1168 1523 1214 ac·

226 1230 407 1328 qutffima,
442 1233 611 1326 impetret
628 1231 649 1302 a
669 1233 718 1304 D.
736 1235 787 1303 T.
805 1229 850 1303 ne
868 1234 1042 1326 gravatim
1063 1235 1121 1305 has
1139 1234 1270 1306 nostras
1289 1234 1409 1310 literas
1425 1241 1521 1313 acci·

226 1331 325 1427 piat,
350 1348 437 1425 quas
451 1330 496 1400 de
514 1327 769 1424 tranquillitate
785 1328 941 1401 civitatis
959 1335 1118 1422 Metensts
1134 1330 1330 1406 scribendas
1339 1334 1522 1407 esseduxi-

226 1428 329 1498 mus.'
354 1419 451 1498 Ciam
478 1426 571 1497 enim
599 1446 714 1520 nuper
740 1422 786 1496 eb
805 1423 964 1520 Legatos
982 1425 1119 1498 nostros
1137 1427 1367 1524 misissemus,
1390 1432 1521 1505 nullius

227 1523 378 1617 privatae
397 1520 562 1594 utilitatis
578 1522 702 1612 causas,
719 1520 776 1593 sed
795 1541 934 1594 tantum
954 1543 994 1595 ut
1010 1525 1109 1595 'cives
1125 1524 1169 1596 ad
1188 1528 1419 1600 concordiam
1438 1531 1520 1602 hor·

228 1640 406 1711 tacemus,
432 1619 469 1691 se
488 1619 581 1690 viam
600 1617 862 1691 ostenderemus
881 1620 973 1713 piam
985 1620 1022 1694 bt
1036 1617 1244 1714 salutarem,
1270 1625 1524 1717 intelleximus,

227 1715 397 1812 quosdam
416 1715 605 1806 inimicos,
617 1715 686 1806 iis,
705 1717 766 1811 qui
783 1713 981 1789 docstinam
1000 1717 1182 1810 puriorem
1201 1741 1399 1813 expetunt,
1417 1724 1525 1794 moli·

228 1815 282 1905 ti,
316 1832 357 1884 ut
378 1812 421 1883 ad
437 1809 497 1883 sua
513 1812 596 1884 odia
612 1812 808 1909 adjungant
824 1812 877 1887 D.
893 1812 945 1884 T.
963 1812 1155 1886 &auxilio
1174 1816 1224 1887 D.
1242 1815 1292 1885 T.
1310 1818 1521 1908 perterrefa-

228 1911 326 1983 ciant
350 1928 411 1982 aut
434 1910 642 2005 opprimant
667 1908 832 1983 honestos
854 1906 1016 1982 homines
1033 1909 1171 1983 nobiles
1187 1907 1423 2001 conlabens,
1458 1913 1521 2005 qui

229 2006 268 2079 &
290 2004 370 2079 suut
388 2005 571 2102 tranquilli
589 2006 626 2080 δι
645 2003 767 2080 fideles
784 2008 820 2076 in
830 2000 1003 2078 ¹omnibus
1021 2002 1187 2078 civilibus
1203 2002 1335 2077 officiis
1350 2004 1522 2103 praestan·

228 2101 304 2192 dis,
337 2125 403 2175 nec
421 2103 516 2177 aliud
535 2124 692 2201 petunt,
710 2101 773 2176 nifi
794 2118 834 2173 ut
851 2096 1004 2183 habeant
1019 2105 1059 2175 in
1072 2099 1249 2195 aliquibus
1267 2101 1438 2176 Ecclesris
1455 2103 1524 2176 do·

228 2195 377 2271 &tinam
396 2223 543 2296 puram,
570 2201 607 2275 &
623 2201 722 2274 usum
742 2200 1054 2273 Sacrameutorutu
1072 2196 1259 2273 sincerum.
1302 2202 1444 2275 Scimus
1461 2225 1525 2274 au·

142 2360 147 2368 .
230 2314 303 2370 tem
326 2296 374 2369 D.
392 2300 443 2370 T.
461 2319 597 2371 naturae
614 2296 775 2370 bonitate
791 2294 830 2367 u
847 2294 1033 2369 vuluntate
1048 2294 1093 2369 ab
1113 2296 1241 2395 injusta
1257 2297 1442 2390 asperitate
1459 2297 1525 2369 ab·

229 2392 394 2485 horrere,
426 2392 483 2468 sed
508 2416 627 2469 tamen
644 2389 868 2467 calumniosis
886 2391 1123 2467 delationibus
1139 2394 1319 2468 interdum
1336 2395 1468 2489 optimi
1485 2394 1525 2469 δί

231 2488 402 2563 mitiffimi
428 2493 681 2590 gubernatores
708 2486 968 2584 incenduntur,
1002 2510 1043 2561 ut
1068 2512 1141 2561 non
1166 2487 1238 2561 suae
1264 2489 1526 2584 moderationi,

231 2586 290 2661 sed
312 2590 433 2661 alienis
450 2586 635 2662 asfestibus
653 2605 788 2656 morem
806 2606 946 2685 gerant.
986 2584 1212 2665 Promittunt
1228 2586 1325 2660 cives
1341 2589 1530 2689 Metenses,

231 2706 301 2853 gro
324 2685 452 2781 quibus
479 2682 683 2771 scribimus,
719 2679 751 2755 se
777 2683 814 2757 in
831 2684 997 2758 omnibus
1014 2682 1183 2759 civilibus
1200 2681 1330 2759 officiis
1348 2688 1468 2758 omnia
1486 2684 1531 2755 li-

259 2801 360 2855 entcr
385 2779 559 2867 facturos,
593 2776 626 2847 se
648 2776 744 2853 nulla
762 2781 798 2857 in
817 2806 855 2855 re
897 2782 952 2855 aci
968 2779 1178 2869 defuturos,
1203 2777 1343 2852 tantum
1363 2779 1436 2848 suas
1455 2778 1529 2847 Ec·

230 2877 358 2952 clcfias
384 2873 480 2949 recle
506 2869 675 2947 conslitui
693 2876 832 2951 volunt.
867 2806 909 2949 fd
930 2874 953 2946 sr
973 2873 1211 2969 impedietur,
1236 2867 1533 2966 primbmgloria

229 2976 305 3049 Dei
332 2968 496 3060 luditur,
530 2965 657 3047 deinde
682 2971 1015 3045 multaanimarum
1043 2967 1267 3040 &civitatis
1294 2967 1453 3063 pericula
1476 2966 1528 3041 se·

257 3086 402 3147 uuntut.
1268 3094 1271 3101 ·

230 3088 254 3171 q
278 3160 466 3253 Postquam
493 3158 602 3256 sparsa
626 3160 678 3234 est
703 3160 822 3258 aliqua
845 3158 1035 3259 Euangelii
1052 3156 1139 3253 lux,
1166 3159 1301 3234 mulios
1319 3156 1442 3233 abusus
1454 3163 1528 3259 jam

225 3256 402 3352 intelligit
421 3259 586 3355 populus.
613 3260 693 3334 Hos
713 3259 737 3333 si
757 3258 905 3357 cogitur
920 3257 1104 3334 observare
1123 3279 1248 3331 contra
1262 3257 1530 3352 conscientiam,

227 3357 416 3431 excutitur
431 3359 481 3433 eis
499 3379 581 3430 vera
598 3358 781 3432 invocatio
802 3360 885 3431 Dei.
912 3356 1011 3432 Nam
1031 3381 1113 3429 cum
1134 3357 1480 3453 perturbatiohaeret
1491 3359 1529 3428 in

253 3450 469 3545 onscientia,
505 3479 585 3552 quae
611 3456 747 3554 deponi
770 3479 842 3526 non
869 3454 1008 3553 potest,
1034 3455 1072 3525 su
1105 3455 1269 3546 itureos,
1295 3479 1368 3528 non
1387 3457 1532 3527 invocat

272 3573 367 3623 eum.
402 3551 504 3646 Quid
523 3553 574 3626 est
591 3574 711 3630 autem
729 3552 865 3626 tristius
883 3554 920 3627 bt
939 3477 1205 3640 detestabilius,
1231 3552 1340 3648 quam
1359 3550 1534 3645 impedire

229 3670 346 3720 veram
374 3648 641 3725 invocationem
670 3649 766 3722 Dei?
805 3652 951 3723 Accidit
977 3652 1082 3723 etiam
1112 3648 1314 3741 interdum,
1348 3669 1388 3720 ut
1415 3652 1450 3719 in
1469 3649 1532 3719 tali

229 3745 499 3843 perturbatione
517 3751 715 3821 animorum
737 3749 1011 3846 concipiantur,
1038 3748 1094 3820 vel
1113 3746 1158 3819 ab
1176 3748 1354 3820 erroribus
1372 3748 1534 3818 oriantur

221 3842 323 3922 -salsae
340 3846 551 3943 opiniones,
577 3847 639 3921 ubi
657 3845 781 3920 desunt
800 3848 884 3921 boni
903 3849 1195 3939 concionatores,
1221 3847 1283 3943 qui
1301 3839 1449 3942 publice
1466 3841 1534 3912 do·

730 3985 735 3995 ·
1417 3957 1535 4013 ceant.
