<?xml version="1.0" encoding="UTF-8"?>
<!DOCTYPE html PUBLIC "-//W3C//DTD XHTML 1.0 Transitional//EN"
    "http://www.w3.org/TR/xhtml1/DTD/xhtml1-transitional.dtd">
<html xmlns="http://www.w3.org/1999/xhtml" xml:lang="en" lang="en">
 <head>
  <title>
</title>
<meta http-equiv="Content-Type" content="text/html;charset=utf-8" />
  <meta name='ocr-system' content='tesseract 3.04.00' />
  <meta name='ocr-capabilities' content='ocr_page ocr_carea ocr_par ocr_line ocrx_word'/>
</head>
<body>
  <div class='ocr_page' id='page_1' title='image "./introductioinhi02gerdgoog_0243.png"; bbox 0 0 3322 4456; ppageno 0'>
   <div class='ocr_carea' id='block_1_1' title="bbox 216 276 1534 398">
    <p class='ocr_par' dir='ltr' id='par_1_1' title="bbox 216 276 1534 398">
     <span class='ocr_line' id='line_1_1' title="bbox 216 276 1534 398; baseline 0.014 -41"><span class='ocrx_word' id='word_1_1' title='bbox 216 311 289 385; x_wconf 78' lang='lat'>2¹4</span> <span class='ocrx_word' id='word_1_2' title='bbox 420 278 804 359; x_wconf 81' lang='lat' dir='ltr'>HISTORIA</span> <span class='ocrx_word' id='word_1_3' title='bbox 845 276 1293 364; x_wconf 83' lang='lat' dir='ltr'><strong>EVANGELII</strong></span> <span class='ocrx_word' id='word_1_4' title='bbox 1353 294 1534 398; x_wconf 55' lang='lat' dir='ltr'>Astra&amp;</span> 
     </span>
    </p>
   </div>
   <div class='ocr_carea' id='block_1_2' title="bbox 210 407 1533 3828">
    <p class='ocr_par' dir='ltr' id='par_1_2' title="bbox 218 407 1533 1294">
     <span class='ocr_line' id='line_1_2' title="bbox 327 407 1533 517; baseline 0.003 -31"><span class='ocrx_word' id='word_1_5' title='bbox 327 413 493 512; x_wconf 77' lang='lat' dir='ltr'>plurimis</span> <span class='ocrx_word' id='word_1_6' title='bbox 517 410 622 484; x_wconf 81' lang='lat' dir='ltr'>avide</span> <span class='ocrx_word' id='word_1_7' title='bbox 645 407 860 508; x_wconf 85' lang='lat' dir='ltr'>legebatur,</span> <span class='ocrx_word' id='word_1_8' title='bbox 899 408 1111 510; x_wconf 83' lang='lat' dir='ltr'>summoque</span> <span class='ocrx_word' id='word_1_9' title='bbox 1136 438 1221 489; x_wconf 85' lang='lat' dir='ltr'>cum</span> <span class='ocrx_word' id='word_1_10' title='bbox 1246 419 1382 517; x_wconf 66' lang='lat' dir='ltr'>genno</span> <span class='ocrx_word' id='word_1_11' title='bbox 1398 425 1437 502; x_wconf 76' lang='lat' dir='ltr'>bc</span> <span class='ocrx_word' id='word_1_12' title='bbox 1457 429 1533 505; x_wconf 76' lang='lat' dir='ltr'>stu.</span> 
     </span>
     <span class='ocr_line' id='line_1_3' title="bbox 246 509 1532 609; baseline 0.005 -22"><span class='ocrx_word' id='word_1_13' title='bbox 246 517 283 587; x_wconf 92' lang='lat' dir='ltr'>io</span> <span class='ocrx_word' id='word_1_14' title='bbox 306 511 556 587; x_wconf 76' lang='lat' dir='ltr'>evolvebatur.</span> <span class='ocrx_word' id='word_1_15' title='bbox 605 511 812 606; x_wconf 79' lang='lat' dir='ltr'>Opiuiouer</span> <span class='ocrx_word' id='word_1_16' title='bbox 834 509 881 581; x_wconf 88' lang='lat' dir='ltr'>de</span> <span class='ocrx_word' id='word_1_17' title='bbox 904 513 1089 609; x_wconf 88' lang='lat' dir='ltr'>corporali</span> <span class='ocrx_word' id='word_1_18' title='bbox 1114 513 1305 609; x_wconf 74' lang='lat' dir='ltr'>presentia</span> <span class='ocrx_word' id='word_1_19' title='bbox 1327 521 1468 599; x_wconf 83' lang='lat' dir='ltr'>Cltrilli</span> <span class='ocrx_word' id='word_1_20' title='bbox 1493 531 1532 604; x_wconf 72' lang='lat' dir='ltr'>in</span> 
     </span>
     <span class='ocr_line' id='line_1_4' title="bbox 219 607 1530 710; baseline 0.012 -25"><span class='ocrx_word' id='word_1_21' title='bbox 219 609 467 702; x_wconf 78' lang='lat' dir='ltr'>Eucharistia,</span> <span class='ocrx_word' id='word_1_22' title='bbox 499 609 545 681; x_wconf 90' lang='lat' dir='ltr'>de</span> <span class='ocrx_word' id='word_1_23' title='bbox 569 608 675 680; x_wconf 90' lang='lat' dir='ltr'>cultu</span> <span class='ocrx_word' id='word_1_24' title='bbox 700 608 905 704; x_wconf 77' lang='lat' dir='ltr'>lmagiuum</span> <span class='ocrx_word' id='word_1_25' title='bbox 931 607 973 681; x_wconf 76' lang='lat' dir='ltr'>dt</span> <span class='ocrx_word' id='word_1_26' title='bbox 997 609 1044 682; x_wconf 85' lang='lat' dir='ltr'>de</span> <span class='ocrx_word' id='word_1_27' title='bbox 1069 615 1420 710; x_wconf 73' lang='lat' dir='ltr'>peregrinationibus</span> <span class='ocrx_word' id='word_1_28' title='bbox 1445 626 1530 699; x_wconf 87' lang='lat' dir='ltr'>reli·</span> 
     </span>
     <span class='ocr_line' id='line_1_5' title="bbox 250 701 1532 807; baseline 0.015 -27"><span class='ocrx_word' id='word_1_29' title='bbox 250 708 354 802; x_wconf 79' lang='lat' dir='ltr'>iulia,</span> <span class='ocrx_word' id='word_1_30' title='bbox 387 705 664 802; x_wconf 79' lang='lat' dir='ltr'>rejiciebantur,</span> <span class='ocrx_word' id='word_1_31' title='bbox 698 701 889 800; x_wconf 77' lang='lat' dir='ltr'>quinimo</span> <span class='ocrx_word' id='word_1_32' title='bbox 916 711 1241 807; x_wconf 69' lang='lat' dir='ltr'>congregationes,</span> <span class='ocrx_word' id='word_1_33' title='bbox 1273 723 1532 800; x_wconf 73' lang='lat' dir='ltr'>correnticoh</span> 
     </span>
     <span class='ocr_line' id='line_1_6' title="bbox 248 801 1531 898; baseline 0.008 -19"><span class='ocrx_word' id='word_1_34' title='bbox 248 804 352 898; x_wconf 49' lang='lat' dir='ltr'>‘iiam</span> <span class='ocrx_word' id='word_1_35' title='bbox 373 801 572 897; x_wconf 82' lang='lat' dir='ltr'>habebant,</span> <span class='ocrx_word' id='word_1_36' title='bbox 588 801 720 898; x_wconf 77' lang='lat' dir='ltr'>quibus</span> <span class='ocrx_word' id='word_1_37' title='bbox 737 824 783 875; x_wconf 85' lang='lat' dir='ltr'>ex</span> <span class='ocrx_word' id='word_1_38' title='bbox 801 803 914 876; x_wconf 82' lang='lat' dir='ltr'>verbo</span> <span class='ocrx_word' id='word_1_39' title='bbox 925 803 999 877; x_wconf 89' lang='lat' dir='ltr'>Dei</span> <span class='ocrx_word' id='word_1_40' title='bbox 1014 805 1126 881; x_wconf 85' lang='lat' dir='ltr'>semet</span> <span class='ocrx_word' id='word_1_41' title='bbox 1140 809 1297 887; x_wconf 77' lang='lat' dir='ltr'>invicem</span> <span class='ocrx_word' id='word_1_42' title='bbox 1307 814 1531 898; x_wconf 70' lang='lat' dir='ltr'>instruebant</span> 
     </span>
     <span class='ocr_line' id='line_1_7' title="bbox 219 895 1533 1000; baseline 0.014 -23"><span class='ocrx_word' id='word_1_43' title='bbox 219 922 328 1000; x_wconf 82' lang='lat' dir='ltr'>atque</span> <span class='ocrx_word' id='word_1_44' title='bbox 363 903 547 998; x_wconf 89' lang='lat' dir='ltr'>puriorem</span> <span class='ocrx_word' id='word_1_45' title='bbox 582 895 782 972; x_wconf 72' lang='lat' dir='ltr'>dostrinam</span> <span class='ocrx_word' id='word_1_46' title='bbox 818 899 962 976; x_wconf 81' lang='lat' dir='ltr'>ubimet</span> <span class='ocrx_word' id='word_1_47' title='bbox 987 903 1228 983; x_wconf 75' lang='lat' dir='ltr'>instillabant:</span> <span class='ocrx_word' id='word_1_48' title='bbox 1262 910 1319 985; x_wconf 80' lang='lat' dir='ltr'>lla</span> <span class='ocrx_word' id='word_1_49' title='bbox 1343 917 1533 995; x_wconf 67' lang='lat' dir='ltr'>molimine</span> 
     </span>
     <span class='ocr_line' id='line_1_8' title="bbox 218 996 1533 1113; baseline 0.011 -40"><span class='ocrx_word' id='word_1_50' title='bbox 218 1020 295 1073; x_wconf 91' lang='lat' dir='ltr'>non</span> <span class='ocrx_word' id='word_1_51' title='bbox 320 1019 489 1098; x_wconf 89' lang='lat' dir='ltr'>poterant</span> <span class='ocrx_word' id='word_1_52' title='bbox 511 1020 586 1072; x_wconf 89' lang='lat' dir='ltr'>nou</span> <span class='ocrx_word' id='word_1_53' title='bbox 612 996 682 1071; x_wconf 82' lang='lat' dir='ltr'>effe</span> <span class='ocrx_word' id='word_1_54' title='bbox 704 1000 847 1096; x_wconf 85' lang='lat' dir='ltr'>ingrata</span> <span class='ocrx_word' id='word_1_55' title='bbox 872 1001 910 1072; x_wconf 90' lang='lat' dir='ltr'>in</span> <span class='ocrx_word' id='word_1_56' title='bbox 936 1001 1053 1075; x_wconf 81' lang='lat' dir='ltr'>octrlit</span> <span class='ocrx_word' id='word_1_57' title='bbox 1081 1004 1374 1108; x_wconf 80' lang='lat' dir='ltr'>Episcopomm,</span> <span class='ocrx_word' id='word_1_58' title='bbox 1393 1019 1470 1113; x_wconf 74' lang='lat' dir='ltr'>‘qui</span> <span class='ocrx_word' id='word_1_59' title='bbox 1487 1020 1533 1094; x_wconf 61' lang='grc' dir='ltr'>ἐξ</span> 
     </span>
     <span class='ocr_line' id='line_1_9' title="bbox 218 1095 1532 1213; baseline 0.007 -41"><span class='ocrx_word' id='word_1_60' title='bbox 218 1097 375 1173; x_wconf 82' lang='lat' dir='ltr'>excitati</span> <span class='ocrx_word' id='word_1_61' title='bbox 391 1118 537 1171; x_wconf 87' lang='lat' dir='ltr'>omnem</span> <span class='ocrx_word' id='word_1_62' title='bbox 555 1095 731 1171; x_wconf 78' lang='lat' dir='ltr'>navabant</span> <span class='ocrx_word' id='word_1_63' title='bbox 745 1118 894 1194; x_wconf 78' lang='lat' dir='ltr'>operum</span> <span class='ocrx_word' id='word_1_64' title='bbox 911 1099 956 1172; x_wconf 83' lang='lat' dir='ltr'>ud</span> <span class='ocrx_word' id='word_1_65' title='bbox 970 1123 1014 1173; x_wconf 84' lang='lat' dir='ltr'>ea</span> <span class='ocrx_word' id='word_1_66' title='bbox 1026 1096 1255 1199; x_wconf 73' lang='lat' dir='ltr'>suffocando,</span> <span class='ocrx_word' id='word_1_67' title='bbox 1272 1106 1532 1213; x_wconf 63' lang='lat' dir='ltr'>lucereqneh·</span> 
     </span>
     <span class='ocr_line' id='line_1_10' title="bbox 220 1192 1308 1294; baseline 0.006 -23"><span class='ocrx_word' id='word_1_68' title='bbox 220 1195 267 1271; x_wconf 87' lang='lat' dir='ltr'>de</span> <span class='ocrx_word' id='word_1_69' title='bbox 282 1215 525 1294; x_wconf 80' lang='lat' dir='ltr'>emergentem</span> <span class='ocrx_word' id='word_1_70' title='bbox 539 1195 616 1292; x_wconf 86' lang='lat' dir='ltr'>jam</span> <span class='ocrx_word' id='word_1_71' title='bbox 634 1195 671 1268; x_wconf 94' lang='lat' dir='ltr'>in</span> <span class='ocrx_word' id='word_1_72' title='bbox 688 1192 774 1292; x_wconf 84' lang='lat' dir='ltr'>iplir</span> <span class='ocrx_word' id='word_1_73' title='bbox 791 1197 978 1292; x_wconf 72' lang='lat' dir='ltr'>principiis</span> <span class='ocrx_word' id='word_1_74' title='bbox 992 1196 1308 1277; x_wconf 77' lang='lat' dir='ltr'>sufflaminaodtm.</span> 
     </span>
    </p>

    <p class='ocr_par' dir='ltr' id='par_1_3' title="bbox 216 1288 1532 1979">
     <span class='ocr_line' id='line_1_11' title="bbox 268 1288 1532 1387; baseline 0.016 -21"><span class='ocrx_word' id='word_1_75' title='bbox 268 1290 365 1387; x_wconf 76' lang='lat' dir='ltr'>Qud</span> <span class='ocrx_word' id='word_1_76' title='bbox 382 1311 465 1367; x_wconf 79' lang='lat' dir='ltr'>ante</span> <span class='ocrx_word' id='word_1_77' title='bbox 480 1293 604 1365; x_wconf 86' lang='lat' dir='ltr'>omnia</span> <span class='ocrx_word' id='word_1_78' title='bbox 617 1288 772 1366; x_wconf 81' lang='lat' dir='ltr'>faciebat</span> <span class='ocrx_word' id='word_1_79' title='bbox 787 1293 940 1368; x_wconf 71' lang='lat' dir='ltr'>solennis</span> <span class='ocrx_word' id='word_1_80' title='bbox 951 1294 1194 1373; x_wconf 84' lang='lat' dir='ltr'>illaVisitatio</span> <span class='ocrx_word' id='word_1_81' title='bbox 1204 1301 1240 1374; x_wconf 91' lang='lat' dir='ltr'>in</span> <span class='ocrx_word' id='word_1_82' title='bbox 1251 1302 1416 1378; x_wconf 70' lang='lat' dir='ltr'>Dio-cen</span> <span class='ocrx_word' id='word_1_83' title='bbox 1427 1308 1532 1385; x_wconf 70' lang='lat' dir='ltr'>um·</span> 
     </span>
     <span class='ocr_line' id='line_1_12' title="bbox 218 1387 1532 1506; baseline 0.014 -42"><span class='ocrx_word' id='word_1_84' title='bbox 218 1387 357 1473; x_wconf 85' lang='lat' dir='ltr'>dinenfi</span> <span class='ocrx_word' id='word_1_85' title='bbox 382 1413 448 1489; x_wconf 92' lang='lat' dir='ltr'>per</span> <span class='ocrx_word' id='word_1_86' title='bbox 471 1392 515 1485; x_wconf 84' lang='lat' dir='ltr'>J.</span> <span class='ocrx_word' id='word_1_87' title='bbox 534 1390 786 1486; x_wconf 77' lang='lat' dir='ltr'>Wartbmm,</span> <span class='ocrx_word' id='word_1_88' title='bbox 818 1391 1052 1469; x_wconf 75' lang='lat' dir='ltr'>decretalium</span> <span class='ocrx_word' id='word_1_89' title='bbox 1078 1394 1265 1474; x_wconf 76' lang='lat' dir='ltr'>dostorcm</span> <span class='ocrx_word' id='word_1_90' title='bbox 1291 1402 1331 1477; x_wconf 77' lang='lat' dir='ltr'>bt</span> <span class='ocrx_word' id='word_1_91' title='bbox 1355 1401 1532 1506; x_wconf 77' lang='lat' dir='ltr'>Episcopi</span> 
     </span>
     <span class='ocr_line' id='line_1_13' title="bbox 219 1485 1531 1605; baseline 0.015 -43"><span class='ocrx_word' id='word_1_92' title='bbox 219 1485 444 1563; x_wconf 83' lang='lat' dir='ltr'>Loudioeufi</span> <span class='ocrx_word' id='word_1_93' title='bbox 460 1489 635 1562; x_wconf 76' lang='lat' dir='ltr'>ricarium</span> <span class='ocrx_word' id='word_1_94' title='bbox 648 1490 898 1588; x_wconf 84' lang='lat' dir='ltr'>generalemd.</span> <span class='ocrx_word' id='word_1_95' title='bbox 909 1511 969 1587; x_wconf 85' lang='lat'>24·</span> <span class='ocrx_word' id='word_1_96' title='bbox 978 1491 1167 1570; x_wconf 86' lang='lat' dir='ltr'>Februarii</span> <span class='ocrx_word' id='word_1_97' title='bbox 1182 1521 1288 1597; x_wconf 80' lang='lat'>1527.</span> <span class='ocrx_word' id='word_1_98' title='bbox 1306 1500 1390 1577; x_wconf 79' lang='lat' dir='ltr'>&amp;d</span> <span class='ocrx_word' id='word_1_99' title='bbox 1403 1524 1436 1577; x_wconf 84' lang='lat'>2.</span> <span class='ocrx_word' id='word_1_100' title='bbox 1450 1524 1531 1605; x_wconf 60' lang='lat'>§.4</span> 
     </span>
     <span class='ocr_line' id='line_1_14' title="bbox 220 1586 1531 1686; baseline 0.016 -26"><span class='ocrx_word' id='word_1_101' title='bbox 220 1604 399 1682; x_wconf 84' lang='lat'>7.12.19.</span> <span class='ocrx_word' id='word_1_102' title='bbox 419 1607 476 1659; x_wconf 82' lang='lat'>20.</span> <span class='ocrx_word' id='word_1_103' title='bbox 496 1586 625 1660; x_wconf 79' lang='lat' dir='ltr'>Martii</span> <span class='ocrx_word' id='word_1_104' title='bbox 643 1588 827 1681; x_wconf 79' lang='lat' dir='ltr'>instituta,</span> <span class='ocrx_word' id='word_1_105' title='bbox 843 1591 982 1686; x_wconf 86' lang='lat' dir='ltr'>quippe</span> <span class='ocrx_word' id='word_1_106' title='bbox 997 1592 1035 1663; x_wconf 89' lang='lat' dir='ltr'>iu</span> <span class='ocrx_word' id='word_1_107' title='bbox 1053 1615 1123 1686; x_wconf 81' lang='lat' dir='ltr'>qua</span> <span class='ocrx_word' id='word_1_108' title='bbox 1140 1597 1319 1671; x_wconf 88' lang='lat' dir='ltr'>innumeri</span> <span class='ocrx_word' id='word_1_109' title='bbox 1337 1601 1413 1676; x_wconf 84' lang='lat' dir='ltr'>ser&#39;e</span> <span class='ocrx_word' id='word_1_110' title='bbox 1426 1603 1531 1680; x_wconf 77' lang='lat' dir='ltr'>Cou-</span> 
     </span>
     <span class='ocr_line' id='line_1_15' title="bbox 220 1676 1531 1784; baseline 0.01 -26"><span class='ocrx_word' id='word_1_111' title='bbox 220 1676 365 1758; x_wconf 77' lang='lat' dir='ltr'>suffocet</span> <span class='ocrx_word' id='word_1_112' title='bbox 381 1683 424 1757; x_wconf 89' lang='lat' dir='ltr'>ad</span> <span class='ocrx_word' id='word_1_113' title='bbox 441 1707 523 1780; x_wconf 84' lang='lat' dir='ltr'>quae</span> <span class='ocrx_word' id='word_1_114' title='bbox 529 1684 657 1759; x_wconf 78' lang='lat' dir='ltr'>stiones</span> <span class='ocrx_word' id='word_1_115' title='bbox 673 1685 906 1784; x_wconf 89' lang='lat' dir='ltr'>respondere,</span> <span class='ocrx_word' id='word_1_116' title='bbox 931 1706 1039 1780; x_wconf 77' lang='lat' dir='ltr'>atque</span> <span class='ocrx_word' id='word_1_117' title='bbox 1055 1687 1265 1765; x_wconf 81' lang='lat' dir='ltr'>sententiam</span> <span class='ocrx_word' id='word_1_118' title='bbox 1284 1695 1342 1767; x_wconf 83' lang='lat' dir='ltr'>vel</span> <span class='ocrx_word' id='word_1_119' title='bbox 1360 1699 1531 1777; x_wconf 51' lang='lat' dir='ltr'>rouste-</span> 
     </span>
     <span class='ocr_line' id='line_1_16' title="bbox 219 1778 1528 1887; baseline 0.011 -31"><span class='ocrx_word' id='word_1_120' title='bbox 219 1800 260 1856; x_wconf 86' lang='lat' dir='ltr'>re</span> <span class='ocrx_word' id='word_1_121' title='bbox 284 1782 322 1858; x_wconf 88' lang='lat'>&amp;</span> <span class='ocrx_word' id='word_1_122' title='bbox 345 1778 508 1877; x_wconf 86' lang='lat' dir='ltr'>abjurare</span> <span class='ocrx_word' id='word_1_123' title='bbox 521 1781 602 1857; x_wconf 89' lang='lat' dir='ltr'>sunt</span> <span class='ocrx_word' id='word_1_124' title='bbox 621 1781 760 1872; x_wconf 74' lang='lat' dir='ltr'>curili,</span> <span class='ocrx_word' id='word_1_125' title='bbox 784 1780 867 1872; x_wconf 87' lang='lat' dir='ltr'>vel,</span> <span class='ocrx_word' id='word_1_126' title='bbox 892 1780 959 1852; x_wconf 91' lang='lat' dir='ltr'>ubi</span> <span class='ocrx_word' id='word_1_127' title='bbox 975 1782 1181 1862; x_wconf 77' lang='lat' dir='ltr'>constanter</span> <span class='ocrx_word' id='word_1_128' title='bbox 1196 1789 1235 1861; x_wconf 91' lang='lat' dir='ltr'>iu</span> <span class='ocrx_word' id='word_1_129' title='bbox 1251 1812 1294 1863; x_wconf 81' lang='lat' dir='ltr'>ea</span> <span class='ocrx_word' id='word_1_130' title='bbox 1310 1793 1528 1887; x_wconf 74' lang='lat' dir='ltr'>perseverat·</span> 
     </span>
     <span class='ocr_line' id='line_1_17' title="bbox 216 1874 1070 1979; baseline -0.001 -25"><span class='ocrx_word' id='word_1_131' title='bbox 216 1874 320 1970; x_wconf 85' lang='lat' dir='ltr'>sent,</span> <span class='ocrx_word' id='word_1_132' title='bbox 345 1877 435 1952; x_wconf 75' lang='lat' dir='ltr'>varii</span> <span class='ocrx_word' id='word_1_133' title='bbox 451 1880 593 1979; x_wconf 80' lang='lat' dir='ltr'>generis</span> <span class='ocrx_word' id='word_1_134' title='bbox 698 1880 729 1950; x_wconf 84' lang='lat' dir='ltr'>is</span> <span class='ocrx_word' id='word_1_135' title='bbox 745 1877 892 1949; x_wconf 89' lang='lat' dir='ltr'>suerunt</span> <span class='ocrx_word' id='word_1_136' title='bbox 905 1874 1070 1971; x_wconf 68' lang='lat' dir='ltr'>subjecit.</span> 
     </span>
    </p>

    <p class='ocr_par' dir='ltr' id='par_1_4' title="bbox 219 1901 1530 2856">
     <span class='ocr_line' id='line_1_18' title="bbox 270 1901 1526 2086; baseline 0.009 -35"><span class='ocrx_word' id='word_1_137' title='bbox 270 1976 373 2051; x_wconf 83' lang='lat' dir='ltr'>Nam</span> <span class='ocrx_word' id='word_1_138' title='bbox 399 1975 438 2052; x_wconf 76' lang='lat' dir='ltr'>bc</span> <span class='ocrx_word' id='word_1_139' title='bbox 465 1978 512 2049; x_wconf 83' lang='lat' dir='ltr'>A.</span> <span class='ocrx_word' id='word_1_140' title='bbox 534 1901 864 2074; x_wconf 53' lang='lat' dir='ltr'>iraffijurmodi</span> <span class='ocrx_word' id='word_1_141' title='bbox 893 1970 1135 2086; x_wconf 75' lang='lat' dir='ltr'>Vilitatio(a)</span> <span class='ocrx_word' id='word_1_142' title='bbox 1161 1980 1292 2074; x_wconf 81' lang='lat' dir='ltr'>partim</span> <span class='ocrx_word' id='word_1_143' title='bbox 1320 1982 1526 2083; x_wconf 88' lang='lat' dir='ltr'>peripsum</span> 
     </span>
     <span class='ocr_line' id='line_1_19' title="bbox 220 2068 1527 2172; baseline 0.008 -24"><span class='ocrx_word' id='word_1_144' title='bbox 220 2070 470 2172; x_wconf 80' lang='lat' dir='ltr'>Episcopum,</span> <span class='ocrx_word' id='word_1_145' title='bbox 489 2074 619 2172; x_wconf 81' lang='lat' dir='ltr'>purtim</span> <span class='ocrx_word' id='word_1_146' title='bbox 639 2095 703 2170; x_wconf 87' lang='lat' dir='ltr'>per</span> <span class='ocrx_word' id='word_1_147' title='bbox 719 2070 894 2167; x_wconf 74' lang='lat' dir='ltr'>Eiusdem</span> <span class='ocrx_word' id='word_1_148' title='bbox 913 2068 1101 2146; x_wconf 87' lang='lat' dir='ltr'>Vtcarium</span> <span class='ocrx_word' id='word_1_149' title='bbox 1119 2073 1335 2152; x_wconf 82' lang='lat' dir='ltr'>Generalem</span> <span class='ocrx_word' id='word_1_150' title='bbox 1354 2083 1390 2153; x_wconf 91' lang='lat' dir='ltr'>in</span> <span class='ocrx_word' id='word_1_151' title='bbox 1404 2083 1527 2159; x_wconf 61' lang='lat' dir='ltr'>undu</span> 
     </span>
     <span class='ocr_line' id='line_1_20' title="bbox 220 2168 1527 2278; baseline 0.006 -29"><span class='ocrx_word' id='word_1_152' title='bbox 220 2170 402 2273; x_wconf 76' lang='lat' dir='ltr'>Effcxienfi</span> <span class='ocrx_word' id='word_1_153' title='bbox 424 2170 675 2247; x_wconf 81' lang='lat' dir='ltr'>instituebatur</span> <span class='ocrx_word' id='word_1_154' title='bbox 699 2171 737 2246; x_wconf 92' lang='lat' dir='ltr'>d.</span> <span class='ocrx_word' id='word_1_155' title='bbox 763 2168 824 2246; x_wconf 79' lang='lat'>28.</span> <span class='ocrx_word' id='word_1_156' title='bbox 842 2169 979 2269; x_wconf 83' lang='lat' dir='ltr'>Aprilis</span> <span class='ocrx_word' id='word_1_157' title='bbox 1002 2170 1041 2247; x_wconf 69' lang='grc' dir='ltr'>ὃ(</span> <span class='ocrx_word' id='word_1_158' title='bbox 1059 2171 1153 2273; x_wconf 84' lang='lat' dir='ltr'>Maji</span> <span class='ocrx_word' id='word_1_159' title='bbox 1169 2172 1206 2247; x_wconf 91' lang='lat' dir='ltr'>d.</span> <span class='ocrx_word' id='word_1_160' title='bbox 1229 2196 1286 2273; x_wconf 86' lang='lat'>¹4·</span> <span class='ocrx_word' id='word_1_161' title='bbox 1310 2178 1473 2278; x_wconf 82' lang='lat' dir='ltr'>itemque</span> <span class='ocrx_word' id='word_1_162' title='bbox 1489 2181 1527 2258; x_wconf 91' lang='lat' dir='ltr'>d.</span> 
     </span>
     <span class='ocr_line' id='line_1_21' title="bbox 226 2267 1529 2380; baseline 0.003 -32"><span class='ocrx_word' id='word_1_163' title='bbox 226 2292 282 2368; x_wconf 81' lang='lat'>15.</span> <span class='ocrx_word' id='word_1_164' title='bbox 302 2271 339 2346; x_wconf 80' lang='lat' dir='ltr'>bt</span> <span class='ocrx_word' id='word_1_165' title='bbox 360 2292 417 2344; x_wconf 87' lang='lat' dir='ltr'>zo.</span> <span class='ocrx_word' id='word_1_166' title='bbox 432 2270 545 2366; x_wconf 86' lang='lat' dir='ltr'>Julii,</span> <span class='ocrx_word' id='word_1_167' title='bbox 569 2270 693 2345; x_wconf 79' lang='lat' dir='ltr'>multis</span> <span class='ocrx_word' id='word_1_168' title='bbox 720 2290 766 2346; x_wconf 89' lang='lat' dir='ltr'>uc</span> <span class='ocrx_word' id='word_1_169' title='bbox 783 2267 900 2345; x_wconf 89' lang='lat' dir='ltr'>modis</span> <span class='ocrx_word' id='word_1_170' title='bbox 919 2268 1022 2344; x_wconf 72' lang='lat' dir='ltr'>Euan</span> <span class='ocrx_word' id='word_1_171' title='bbox 1070 2269 1153 2345; x_wconf 83' lang='lat' dir='ltr'>licae</span> <span class='ocrx_word' id='word_1_172' title='bbox 1170 2275 1331 2350; x_wconf 80' lang='lat' dir='ltr'>veritatis</span> <span class='ocrx_word' id='word_1_173' title='bbox 1348 2300 1529 2380; x_wconf 80' lang='lat' dir='ltr'>propaga·</span> 
     </span>
     <span class='ocr_line' id='line_1_22' title="bbox 222 2367 1529 2485; baseline 0.003 -39"><span class='ocrx_word' id='word_1_174' title='bbox 222 2370 315 2447; x_wconf 88' lang='lat' dir='ltr'>tioni</span> <span class='ocrx_word' id='word_1_175' title='bbox 329 2389 406 2444; x_wconf 85' lang='lat' dir='ltr'>erut</span> <span class='ocrx_word' id='word_1_176' title='bbox 426 2367 562 2446; x_wconf 85' lang='lat' dir='ltr'>insesta.</span> <span class='ocrx_word' id='word_1_177' title='bbox 597 2368 714 2485; x_wconf 31' lang='lat' dir='ltr'>voca·</span> <span class='ocrx_word' id='word_1_178' title='bbox 752 2390 839 2444; x_wconf 87' lang='lat' dir='ltr'>ntur</span> <span class='ocrx_word' id='word_1_179' title='bbox 854 2369 1008 2482; x_wconf 32' lang='lat' dir='ltr'>euim-in</span> <span class='ocrx_word' id='word_1_180' title='bbox 1062 2369 1293 2482; x_wconf 78' lang='lat' dir='ltr'>piscoporum</span> <span class='ocrx_word' id='word_1_181' title='bbox 1311 2378 1428 2449; x_wconf 87' lang='lat' dir='ltr'>curias</span> <span class='ocrx_word' id='word_1_182' title='bbox 1445 2378 1529 2471; x_wconf 86' lang='lat' dir='ltr'>alii,</span> 
     </span>
     <span class='ocr_line' id='line_1_23' title="bbox 219 2467 1530 2676; baseline 0 -31"><span class='ocrx_word' id='word_1_183' title='bbox 219 2467 487 2660; x_wconf 61' lang='lat' dir='ltr'>{lillis</span> <span class='ocrx_word' id='word_1_184' title='bbox 499 2467 1530 2676; x_wconf 47' lang='lat' dir='ltr'>‚siniilil‘lgilllllninsimili:</span> 
     </span>
     <span class='ocr_line' id='line_1_24' title="bbox 221 2661 1530 2758; baseline -0.005 -16"><span class='ocrx_word' id='word_1_185' title='bbox 221 2671 423 2742; x_wconf 81' lang='lat' dir='ltr'>cinnatores</span> <span class='ocrx_word' id='word_1_186' title='bbox 442 2663 599 2757; x_wconf 89' lang='lat' dir='ltr'>hospitio</span> <span class='ocrx_word' id='word_1_187' title='bbox 617 2663 860 2758; x_wconf 70' lang='lat' dir='ltr'>excepissent,</span> <span class='ocrx_word' id='word_1_188' title='bbox 878 2662 962 2750; x_wconf 86' lang='lat' dir='ltr'>alu,</span> <span class='ocrx_word' id='word_1_189' title='bbox 981 2661 1214 2756; x_wconf 85' lang='lat' dir='ltr'>quodcontra</span> <span class='ocrx_word' id='word_1_190' title='bbox 1226 2687 1308 2757; x_wconf 88' lang='lat' dir='ltr'>pere</span> <span class='ocrx_word' id='word_1_191' title='bbox 1338 2669 1530 2738; x_wconf 78' lang='lat' dir='ltr'>cinationet</span> 
     </span>
     <span class='ocr_line' id='line_1_25' title="bbox 222 2754 1528 2856; baseline -0.005 -21"><span class='ocrx_word' id='word_1_192' title='bbox 222 2759 424 2856; x_wconf 77' lang='lat' dir='ltr'>religiosas,</span> <span class='ocrx_word' id='word_1_193' title='bbox 452 2758 591 2828; x_wconf 89' lang='lat' dir='ltr'>cultum</span> <span class='ocrx_word' id='word_1_194' title='bbox 611 2756 911 2826; x_wconf 83' lang='lat' dir='ltr'>&amp;adorationem</span> <span class='ocrx_word' id='word_1_195' title='bbox 931 2754 1135 2848; x_wconf 85' lang='lat' dir='ltr'>imaginum</span> <span class='ocrx_word' id='word_1_196' title='bbox 1156 2757 1270 2825; x_wconf 86' lang='lat' dir='ltr'>locuti</span> <span class='ocrx_word' id='word_1_197' title='bbox 1284 2780 1308 2826; x_wconf 86' lang='lat' dir='ltr'>e</span> <span class='ocrx_word' id='word_1_198' title='bbox 1334 2778 1420 2846; x_wconf 87' lang='lat' dir='ltr'>ent,</span> <span class='ocrx_word' id='word_1_199' title='bbox 1445 2760 1528 2853; x_wconf 90' lang='lat' dir='ltr'>alii,</span> 
     </span>
    </p>

    <p class='ocr_par' dir='ltr' id='par_1_5' title="bbox 214 2845 1528 3336">
     <span class='ocr_line' id='line_1_26' title="bbox 249 2845 1526 2956; baseline -0.004 -26"><span class='ocrx_word' id='word_1_200' title='bbox 249 2855 321 2930; x_wconf 90' lang='lat' dir='ltr'>uod</span> <span class='ocrx_word' id='word_1_201' title='bbox 339 2850 481 2953; x_wconf 85' lang='lat' dir='ltr'>Jejunia</span> <span class='ocrx_word' id='word_1_202' title='bbox 499 2845 661 2925; x_wconf 85' lang='lat' dir='ltr'>eeclestae</span> <span class='ocrx_word' id='word_1_203' title='bbox 681 2873 753 2921; x_wconf 91' lang='lat' dir='ltr'>non</span> <span class='ocrx_word' id='word_1_204' title='bbox 773 2846 983 2936; x_wconf 87' lang='lat' dir='ltr'>observent,</span> <span class='ocrx_word' id='word_1_205' title='bbox 1008 2847 1069 2917; x_wconf 86' lang='lat' dir='ltr'>alii</span> <span class='ocrx_word' id='word_1_206' title='bbox 1087 2847 1185 2956; x_wconf 75' lang='lat' dir='ltr'>quod</span> <span class='ocrx_word' id='word_1_207' title='bbox 1205 2847 1472 2925; x_wconf 78' lang='lat' dir='ltr'>Confeffionem</span> <span class='ocrx_word' id='word_1_208' title='bbox 1488 2857 1526 2933; x_wconf 77' lang='lat' dir='ltr'>dc</span> 
     </span>
     <span class='ocr_line' id='line_1_27' title="bbox 214 2878 1526 3046; baseline -0.002 -18"><span class='ocrx_word' id='word_1_209' title='bbox 214 2878 451 3035; x_wconf 53' lang='lat' dir='ltr'>¹§incramenta</span> <span class='ocrx_word' id='word_1_210' title='bbox 464 2944 673 3040; x_wconf 81' lang='lat' dir='ltr'>negligant,</span> <span class='ocrx_word' id='word_1_211' title='bbox 690 2943 773 3032; x_wconf 90' lang='lat' dir='ltr'>nlii,</span> <span class='ocrx_word' id='word_1_212' title='bbox 792 2939 889 3034; x_wconf 90' lang='lat' dir='ltr'>quod</span> <span class='ocrx_word' id='word_1_213' title='bbox 903 2938 1365 3030; x_wconf 75' lang='lat' dir='ltr'>contravittaClcricorum</span> <span class='ocrx_word' id='word_1_214' title='bbox 1377 2948 1526 3046; x_wconf 83' lang='lat' dir='ltr'>loquan-</span> 
     </span>
     <span class='ocr_line' id='line_1_28' title="bbox 222 3037 1527 3138; baseline 0 -22"><span class='ocrx_word' id='word_1_215' title='bbox 222 3070 294 3127; x_wconf 88' lang='lat' dir='ltr'>tut.</span> <span class='ocrx_word' id='word_1_216' title='bbox 338 3041 503 3138; x_wconf 86' lang='lat' dir='ltr'>Plerique</span> <span class='ocrx_word' id='word_1_217' title='bbox 538 3039 715 3136; x_wconf 86' lang='lat' dir='ltr'>fimplices</span> <span class='ocrx_word' id='word_1_218' title='bbox 748 3055 849 3108; x_wconf 88' lang='lat' dir='ltr'>erant</span> <span class='ocrx_word' id='word_1_219' title='bbox 880 3054 989 3129; x_wconf 86' lang='lat' dir='ltr'>atquc</span> <span class='ocrx_word' id='word_1_220' title='bbox 1015 3037 1203 3130; x_wconf 86' lang='lat' dir='ltr'>illiterati,</span> <span class='ocrx_word' id='word_1_221' title='bbox 1246 3042 1375 3136; x_wconf 85' lang='lat' dir='ltr'>quibus</span> <span class='ocrx_word' id='word_1_222' title='bbox 1401 3047 1527 3125; x_wconf 75' lang='lat' dir='ltr'>Curiae</span> 
     </span>
     <span class='ocr_line' id='line_1_29' title="bbox 224 3131 1527 3245; baseline 0.002 -25"><span class='ocrx_word' id='word_1_223' title='bbox 224 3140 481 3245; x_wconf 77' lang='lat' dir='ltr'>Episcopales,</span> <span class='ocrx_word' id='word_1_224' title='bbox 509 3160 665 3212; x_wconf 81' lang='lat' dir='ltr'>carceres</span> <span class='ocrx_word' id='word_1_225' title='bbox 685 3135 721 3210; x_wconf 71' lang='grc' dir='ltr'>ὅ(</span> <span class='ocrx_word' id='word_1_226' title='bbox 740 3131 900 3208; x_wconf 80' lang='lat' dir='ltr'>fasciculi</span> <span class='ocrx_word' id='word_1_227' title='bbox 919 3132 1030 3232; x_wconf 83' lang='lat' dir='ltr'>lignei</span> <span class='ocrx_word' id='word_1_228' title='bbox 1049 3155 1189 3210; x_wconf 85' lang='lat' dir='ltr'>tantum</span> <span class='ocrx_word' id='word_1_229' title='bbox 1210 3138 1432 3220; x_wconf 85' lang='lat' dir='ltr'>incutiebant</span> <span class='ocrx_word' id='word_1_230' title='bbox 1451 3173 1527 3221; x_wconf 85' lang='lat' dir='ltr'>me·</span> 
     </span>
     <span class='ocr_line' id='line_1_30' title="bbox 222 3229 1528 3336; baseline 0.002 -16"><span class='ocrx_word' id='word_1_231' title='bbox 222 3267 324 3336; x_wconf 90' lang='lat' dir='ltr'>turn,</span> <span class='ocrx_word' id='word_1_232' title='bbox 351 3261 392 3316; x_wconf 89' lang='lat' dir='ltr'>ut</span> <span class='ocrx_word' id='word_1_233' title='bbox 421 3235 675 3327; x_wconf 75' lang='lat' dir='ltr'>retradlarent,</span> <span class='ocrx_word' id='word_1_234' title='bbox 702 3229 864 3327; x_wconf 73' lang='lat' dir='ltr'>indiaque</span> <span class='ocrx_word' id='word_1_235' title='bbox 882 3229 1106 3332; x_wconf 83' lang='lat' dir='ltr'>abjuratione</span> <span class='ocrx_word' id='word_1_236' title='bbox 1125 3236 1227 3308; x_wconf 87' lang='lat' dir='ltr'>liberi</span> <span class='ocrx_word' id='word_1_237' title='bbox 1247 3237 1528 3322; x_wconf 81' lang='lat' dir='ltr'>dimitterentur.</span> 
     </span>
    </p>

    <p class='ocr_par' dir='ltr' id='par_1_6' title="bbox 210 3330 1529 3737">
     <span class='ocr_line' id='line_1_31' title="bbox 272 3330 1526 3440; baseline 0.002 -27"><span class='ocrx_word' id='word_1_238' title='bbox 272 3339 401 3440; x_wconf 84' lang='lat' dir='ltr'>Quid?</span> <span class='ocrx_word' id='word_1_239' title='bbox 429 3337 527 3433; x_wconf 89' lang='lat' dir='ltr'>quod</span> <span class='ocrx_word' id='word_1_240' title='bbox 549 3337 598 3426; x_wconf 88' lang='lat' dir='ltr'>A,</span> <span class='ocrx_word' id='word_1_241' title='bbox 613 3330 717 3428; x_wconf 70' lang='lat'>1528.</span> <span class='ocrx_word' id='word_1_242' title='bbox 738 3331 779 3404; x_wconf 89' lang='lat' dir='ltr'>d.</span> <span class='ocrx_word' id='word_1_243' title='bbox 799 3354 835 3416; x_wconf 88' lang='lat'>9.</span> <span class='ocrx_word' id='word_1_244' title='bbox 847 3330 946 3426; x_wconf 86' lang='lat' dir='ltr'>Junti</span> <span class='ocrx_word' id='word_1_245' title='bbox 967 3332 1153 3430; x_wconf 82' lang='lat' dir='ltr'>Synodum</span> <span class='ocrx_word' id='word_1_246' title='bbox 1174 3333 1350 3410; x_wconf 78' lang='lat' dir='ltr'>Elienscm</span> <span class='ocrx_word' id='word_1_247' title='bbox 1367 3342 1526 3415; x_wconf 85' lang='lat' dir='ltr'>celebra·</span> 
     </span>
     <span class='ocr_line' id='line_1_32' title="bbox 211 3429 1525 3536; baseline -0.005 -20"><span class='ocrx_word' id='word_1_248' title='bbox 211 3455 297 3517; x_wconf 83' lang='lat' dir='ltr'>&#39;tam</span> <span class='ocrx_word' id='word_1_249' title='bbox 316 3439 482 3536; x_wconf 75' lang='lat' dir='ltr'>legimur</span> <span class='ocrx_word' id='word_1_250' title='bbox 508 3435 544 3506; x_wconf 94' lang='lat' dir='ltr'>in</span> <span class='ocrx_word' id='word_1_251' title='bbox 570 3429 719 3506; x_wconf 81' lang='lat' dir='ltr'>ecclelia</span> <span class='ocrx_word' id='word_1_252' title='bbox 737 3429 965 3503; x_wconf 80' lang='lat' dir='ltr'>conventuali</span> <span class='ocrx_word' id='word_1_253' title='bbox 982 3431 1028 3501; x_wconf 87' lang='lat' dir='ltr'>dc</span> <span class='ocrx_word' id='word_1_254' title='bbox 1047 3431 1242 3506; x_wconf 70' lang='lat' dir='ltr'>amn</span> <span class='ocrx_word' id='word_1_255' title='bbox 1260 3434 1340 3519; x_wconf 73' lang='lat' dir='ltr'>(bit</span> <span class='ocrx_word' id='word_1_256' title='bbox 1372 3437 1415 3507; x_wconf 81' lang='lat' dir='ltr'>ln</span> <span class='ocrx_word' id='word_1_257' title='bbox 1434 3462 1525 3534; x_wconf 88' lang='lat' dir='ltr'>qun,</span> 
     </span>
     <span class='ocr_line' id='line_1_33' title="bbox 223 3525 1526 3626; baseline 0.005 -21"><span class='ocrx_word' id='word_1_258' title='bbox 223 3560 308 3615; x_wconf 78' lang='lat' dir='ltr'>cum</span> <span class='ocrx_word' id='word_1_259' title='bbox 334 3534 429 3606; x_wconf 84' lang='lat' dir='ltr'>varia</span> <span class='ocrx_word' id='word_1_260' title='bbox 452 3531 533 3604; x_wconf 93' lang='lat' dir='ltr'>sunt</span> <span class='ocrx_word' id='word_1_261' title='bbox 561 3529 691 3603; x_wconf 81' lang='lat' dir='ltr'>statuta</span> <span class='ocrx_word' id='word_1_262' title='bbox 716 3525 807 3601; x_wconf 69' lang='lat' dir='ltr'>fana</span> <span class='ocrx_word' id='word_1_263' title='bbox 832 3546 939 3626; x_wconf 81' lang='lat' dir='ltr'>atque</span> <span class='ocrx_word' id='word_1_264' title='bbox 957 3527 1001 3599; x_wconf 80' lang='lat' dir='ltr'>de</span> <span class='ocrx_word' id='word_1_265' title='bbox 1019 3528 1123 3601; x_wconf 81' lang='lat' dir='ltr'>rebus</span> <span class='ocrx_word' id='word_1_266' title='bbox 1138 3527 1386 3606; x_wconf 81' lang='lat' dir='ltr'>ceelefinsticis</span> <span class='ocrx_word' id='word_1_267' title='bbox 1404 3535 1526 3611; x_wconf 81' lang='lat' dir='ltr'>decre·</span> 
     </span>
     <span class='ocr_line' id='line_1_34' title="bbox 210 3624 1529 3737; baseline 0.003 -31"><span class='ocrx_word' id='word_1_268' title='bbox 210 3652 283 3737; x_wconf 71' lang='grc' dir='ltr'>Ιια,</span> <span class='ocrx_word' id='word_1_269' title='bbox 319 3651 396 3707; x_wconf 88' lang='lat' dir='ltr'>tutn</span> <span class='ocrx_word' id='word_1_270' title='bbox 424 3650 569 3729; x_wconf 87' lang='lat' dir='ltr'>quoque</span> <span class='ocrx_word' id='word_1_271' title='bbox 596 3629 689 3702; x_wconf 88' lang='lat' dir='ltr'>inter</span> <span class='ocrx_word' id='word_1_272' title='bbox 706 3624 794 3721; x_wconf 80' lang='lat' dir='ltr'>alia,</span> <span class='ocrx_word' id='word_1_273' title='bbox 818 3624 956 3701; x_wconf 79' lang='lat' dir='ltr'>disertis</span> <span class='ocrx_word' id='word_1_274' title='bbox 973 3624 1091 3699; x_wconf 81' lang='lat' dir='ltr'>verbis</span> <span class='ocrx_word' id='word_1_275' title='bbox 1107 3626 1336 3727; x_wconf 73' lang='lat' dir='ltr'>iniungitur,</span> <span class='ocrx_word' id='word_1_276' title='bbox 1377 3683 1405 3726; x_wconf 90' lang='lat'>„</span> <span class='ocrx_word' id='word_1_277' title='bbox 1430 3637 1529 3729; x_wconf 82' lang='lat' dir='ltr'>quod</span> 
     </span>
    </p>

    <p class='ocr_par' dir='ltr' id='par_1_7' title="bbox 1396 3758 1527 3828">
     <span class='ocr_line' id='line_1_35' title="bbox 1396 3758 1527 3828; baseline 0.031 -21"><span class='ocrx_word' id='word_1_278' title='bbox 1396 3784 1424 3828; x_wconf 90' lang='lat'><strong>„</strong></span> <span class='ocrx_word' id='word_1_279' title='bbox 1448 3758 1527 3811; x_wconf 86' lang='lat' dir='ltr'>rec·</span> 
     </span>
    </p>
   </div>
   <div class='ocr_carea' id='block_1_3' title="bbox 213 3810 1221 4024">
    <p class='ocr_par' dir='ltr' id='par_1_8' title="bbox 213 3810 1221 4024">
     <span class='ocr_line' id='line_1_36' title="bbox 213 3810 1206 3938; baseline -0.007 -15"><span class='ocrx_word' id='word_1_280' title='bbox 213 3810 221 3823; x_wconf 71' lang='grc'><strong><em>’</em></strong></span> <span class='ocrx_word' id='word_1_281' title='bbox 264 3858 314 3938; x_wconf 68' lang='lat' dir='ltr'>(a)</span> <span class='ocrx_word' id='word_1_282' title='bbox 339 3855 403 3923; x_wconf 79' lang='lat' dir='ltr'>nt.</span> <span class='ocrx_word' id='word_1_283' title='bbox 427 3849 607 3937; x_wconf 64' lang='lat' dir='ltr'>urnam</span> <span class='ocrx_word' id='word_1_284' title='bbox 623 3852 703 3935; x_wconf 61' lang='lat' dir='ltr'>nou</span> <span class='ocrx_word' id='word_1_285' title='bbox 719 3845 908 3916; x_wconf 74' lang='lat' dir='ltr'>ereren</span> <span class='ocrx_word' id='word_1_286' title='bbox 927 3845 1134 3913; x_wconf 63' lang='lat' dir='ltr'>ternae.</span> <span class='ocrx_word' id='word_1_287' title='bbox 1154 3847 1206 3928; x_wconf 77' lang='lat'>87.</span> 
     </span>
     <span class='ocr_line' id='line_1_37' title="bbox 265 3931 1221 4024; baseline -0.012 -15"><span class='ocrx_word' id='word_1_288' title='bbox 265 3943 317 4023; x_wconf 82' lang='lat' dir='ltr'>(b)</span> <span class='ocrx_word' id='word_1_289' title='bbox 341 3959 373 4010; x_wconf 86' lang='lat' dir='ltr'>v.</span> <span class='ocrx_word' id='word_1_290' title='bbox 388 3939 503 4007; x_wconf 73' lang='lat' dir='ltr'>concis.</span> <span class='ocrx_word' id='word_1_291' title='bbox 520 3937 633 4024; x_wconf 83' lang='lat' dir='ltr'>Magn.</span> <span class='ocrx_word' id='word_1_292' title='bbox 646 3935 798 4003; x_wconf 60' lang='lat' dir='ltr'>muna.</span> <span class='ocrx_word' id='word_1_293' title='bbox 819 3932 973 4002; x_wconf 70' lang='lat' dir='ltr'>vuilli-</span> <span class='ocrx_word' id='word_1_294' title='bbox 989 3931 1134 4015; x_wconf 67' lang='lat' dir='ltr'>Sobria.</span> <span class='ocrx_word' id='word_1_295' title='bbox 1150 3947 1221 4018; x_wconf 79' lang='lat'>713.</span> 
     </span>
    </p>
   </div>
   <div class='ocr_carea' id='block_1_4' title="bbox 0 0 1666 4456">
    <p class='ocr_par' dir='ltr' id='par_1_9' title="bbox 0 0 1666 4456">
     <span class='ocr_line' id='line_1_38' title="bbox 0 0 1666 4456; baseline 0 0"><span class='ocrx_word' id='word_1_296' title='bbox 0 0 1666 4456; x_wconf 95' lang='lat' dir='ltr'> </span> 
     </span>
    </p>
   </div>
  </div>
 </body>
</html>
