3322 4456
139 336 1225 446 Α.ιγ4ό.,1ζΕΝονΑΤΙ..’
1366 356 1441 443 inp

49 548 51 555 Α
136 522 168 564 „
187 473 342 548 Michai'l
367 471 536 559 Caillous,
571 467 609 540 δι
636 466 832 536 Francirrus
859 463 1027 549 Clericus,
1060 465 1120 556 qui
1148 487 1272 538 ornnes
1286 464 1469 554 fuerunt,

135 620 162 663 „
186 562 438 654 condemnati,
469 585 510 636 ut
537 580 635 635 crate
651 559 695 628 ud
714 561 836 630 locutn
857 555 1024 652 supplicii
1045 561 1233 653 pertracti,
1258 564 1332 636 vivi
1352 587 1433 637 cre.

134 717 163 760 „
188 684 369 738 murentur
387 662 480 755 apud
499 678 669 753 magnum
688 650 807 725 forum
827 651 1032 740 Meldense,
1059 653 1141 726 loco
1159 660 1324 755 Mamgini
1343 660 1431 733 καὶ.

134 813 161 856 ,,
186 762 253 833 bus
273 781 339 852 pro
369 758 491 848 inquo.
536 756 577 823 ln
596 750 772 844 reliquos,
801 751 861 844 qui
881 750 918 819 in
935 745 1096 822 do&rina
1115 753 1254 844 pietatis
1272 755 1432 852 suscepta
1574 810 1578 820 .

133 909 161 953 „
188 858 306 927 minue
331 781 426 923 aernti
452 851 490 922 δι
517 848 717 920 constanter
742 864 963 936 extiterunt,
999 869 1109 941 poena
1127 870 1200 919 non
1218 847 1269 918 ita
1284 855 1433 947 acerba,

134 1000 162 1048 „
187 970 228 1022 ea
245 970 365 1022 tamen
382 946 477 1018 varia
494 944 689 1018 constituta
706 941 799 1034 fuit,
820 959 927 1037 atque
942 945 980 1014 in
998 963 1192 1039 utrumque
1209 943 1328 1017 sexum
1352 973 1431 1041 per·

133 1066 174 1143 „‘
187 1064 326 1142 vagata.
370 1044 470 1118 Nam
495 1042 554 1115 alii
579 1040 722 1113 fuerunt
738 1037 822 1114 caesr
842 1040 952 1136 virgis
969 1059 1078 1136 atque
1096 1040 1133 1110 in
1150 1040 1300 1112 exilium
1322 1042 1430 1136 miffi,

132 1195 161 1240 „
187 1140 246 1215 alii
270 1164 374 1231 vero,
408 1162 531 1211 eorum
552 1161 631 1210 xiv.
656 1160 745 1232 quot
764 1136 867 1230 supra
883 1137 1168 1227 nominavimus,
1204 1137 1437 1219 acerbiffirnae'

132 1291 162 1338 ‚,
187 1239 311 1310 mortis
327 1234 560 1331 imatores,
588 1234 825 1309 summanum
845 1233 1043 1330 ignominia
1061 1233 1274 1325 constituti,
1293 1236 1328 1306 in
1347 1240 1428 1332 qui·

130 1390 158 1436 ‚,
185 1335 371 1408 buteriam
390 1357 480 1408 unua
498 1331 562 1405 sub
579 1332 695 1404 axillis
708 1329 911 1427 suspensus,
931 1331 1096 1428 laqueum
1116 1330 1245 1406 habena
1265 1333 1363 1406 collo
1382 1335 1431 1408 li·

128 1486 156 1531 „
180 1451 329 1600 fatum,
363 1425 603 1546 graviffimurn
633 1429 778 1500 illorum
806 1425 924 1499 casum
951 1429 1081 1501 intueri
1097 1426 1291 1521 jussus-est.
1338 1431 1430 1504 Mu·

128 1584 158 1628 „
198 1551 285 1601 teres
302 1551 391 1600 vero
408 1527 572 1622 quaedam
591 1523 672 1598 sunt
690 1525 960 1615 condemnatae,
986 1547 1027 1598 ut
1045 1524 1259 1621 supplicium
1280 1527 1316 1599 in
1334 1531 1433 1605 viror

125 1680 155 1726 ,‚
181 1624 494 1719 constituendum,
528 1618 768 1719 ignominiose
793 1617 1004 1718 speeiarent.
1049 1622 1217 1717 Denique
1244 1622 1288 1696 ab
1305 1627 1430 1705 eadem

125 1779 153 1822 „
179 1722 291 1797 Curia
306 1721 492 1796 decretum
513 1721 636 1795 fuit&
656 1717 918 1810 constitutum,
943 1738 985 1792 ut
1003 1719 1131 1792 domus
1151 1719 1259 1817 ipsius
1278 1720 1438 1821 Mangi„

125 1875 154 1920 ,‚
179 1821 239 1912 ni,
265 1822 426 1915 inquam
445 1819 498 1891 iili
517 1819 713 1895 convenire
730 1813 824 1890 soiiti
840 1816 909 1890 esse
927 1816 1161 1911 dicebantur,
1180 1818 1225 1891 ad
1243 1818 1435 1913 sempiterq

125 1971 154 2015 „
178 1940 260 1988 nam
289 1917 497 1990 memoriam
525 1916 617 1990 tanti
644 1913 804 2007 sceleris,
830 1933 872 1988 ut
891 1915 956 2011 ipfi
969 1913 1203 2012 judicabant,
1231 1913 1306 1989 solo
1326 1914 1437 2010 plane

126 2068 155 2111 ,‚
179 2034 404 2110 aequaretur,
423 2037 538 2110 eoque
555 2016 593 2086 in
612 2011 697 2086 loco
715 2010 881 2086 sacellum
897 2032 1151 2105 extrueretur,
1172 2013 1289 2108 inquo
1300 2014 1437 2111 Miffa,

127 2162 156 2201 „
180 2111 224 2178 ad
252 2110 392 2183 cultum
419 2112 567 2180 maximi
586 2110 683 2179 illius
703 2106 919 2202 Papistarum
941 2109 1013 2182 Dei
1033 2132 1138 2206 quern
1159 2109 1196 2182 in
1213 2109 1436 2189 sacramento

128 2254 158 2297 „
181 2192 382 2294 affingunt,
401 2201 562 2274 instituta·
581 2201 726 2294 ungulis
743 2201 976 2294 diebuslovie
994 2204 1253 2279 celebraretur:
1274 2211 1334 2285 cui
1347 2232 1440 2304 pro«,

127 2349 157 2395 ,‚
183 2314 311 2369 ventus
335 2295 516 2368 necessarii
543 2294 856 2388 suppeditarentur
871 2320 916 2370 ex
933 2321 1058 2372 eorum
1077 2299 1182 2374 bonis
1198 2323 1240 2373 ac
1258 2300 1439 2401 fortunis,

127 2448 156 2494 „
183 2391 314 2492 quibus
331 2393 453 2473 omnia
469 2413 559 2464 cum·
574 2393 648 2464 vita
666 2389 901 2467 crudeliffime
917 2395 1108 2490 eriperent.
1190 2396 1193 2402 ’

176 2543 203 2586 ,,
222 2492 318 2565 Haec
335 2488 416 2564 sunt
436 2490 496 2562 illa
509 2489 960 2586 praeclaraAreopagiticae
971 2491 1096 2564 Curioe
1105 2489 1440 2566 Parifienfisrnoni·.

129 2645 158 2688 „
183 2610 324 2682 menta,
343 2611 423 2683 quae
439 2610 543 2680 quum
562 2585 627 2659 fint
641 2585 782 2680 iniqua,
801 2587 909 2659 etiarn
921 2585 1125 2682 quialiquid
1136 2586 1243 2661 habet
1253 2585 1322 2660 sani
1333 2590 1435 2688 judi·

128 2743 155 2787 ,‚
181 2687 252 2778 cii,
272 2685 377 2759 facile
390 2686 555 2782 judicare
572 2683 721 2779 poterit.
748 2682 818 2756 Sed
837 2681 1020 2757 uideantur
1036 2684 1336 2782 quemadmodum
1352 2688 1440 2781 haee

126 2840 155 2883 „
181 2808 233 2857 res
253 2783 298 2855 ab
316 2782 386 2859 iliis
403 2783 452 2853 ita
469 2781 612 2854 decreta
630 2783 668 2855 &
688 2778 906 2872 constituta,
942 2777 1177 2874 postmodum
1191 2783 1440 2863 administrata

128 2937 155 2979 ,‚
178 2881 308 2968 fuerit,
338 2878 421 2953 Hac
447 2878 615 2952 sententia
632 2875 654 2950 ὲ
672 2876 895 2952 confiliariis
912 2876 990 2975 ejus
1007 2872 1158 2957 crinem
1170 2884 1439 2978 pronuntiatu,
1536 2932 1539 2936 -

127 3035 155 3078 „
181 2980 314 3054 Sathan
331 3001 405 3050 non
422 2995 614 3048 contentus
633 2975 866 3048 innocentum
885 2972 1074 3073 sanguine,
1092 2977 1215 3052 videns
1224 2978 1316 3054 nihil
1326 2978 1434 3078 plane

79 3145 88 3162 s
128 3131 158 3174 „
181 3073 313 3148 suetum
340 3071 430 3163 effe,
464 3073 562 3167 quod
588 3094 701 3169 regno
719 3071 897 3167 prodeffet
915 3072 1000 3165 suo,
1025 3072 1083 3147 sed
1104 3076 1225 3169 potius
1245 3075 1279 3150 se
1297 3075 1439 3154 vietum

130 3226 158 3269 „
184 3175 220 3246 &
240 3170 451 3262 confusum,
475 3168 499 3242 fi
519 3170 555 3241 hi
574 3167 773 3242 constanter
791 3173 827 3242 in
845 3166 1063 3244 conieffione
1079 3169 1249 3268 susceptae
1270 3175 1434 3248 veritatis

130 3322 158 3366 ,‚
182 3286 450 3365 permanerent,
466 3288 527 3340 eos
542 3265 711 3338 omnibus
729 3264 927 3338 rationibus
946 3260 968 3336 ἦ
985 3265 1171 3363 propofita
1185 3266 1438 3343 sententiaab·.

132 3418 160 3460 „
184 3364 343 3456 ducere,
368 3386 566 3457 eorumque
593 3358 827 3437 constantiam
854 3357 1037 3433 inflectere
1063 3381 1213 3436 conatus
1239 3363 1313 3456 est,
1347 3362 1441 3445 cunt

134 3512 161 3555 „
183 3464 281 3536 nulla
296 3463 333 3536 vi
349 3485 425 3536 earn
445 3460 560 3561 posset
577 3457 783 3558 infringere.
810 3457 1108 3553 Itaqueornniunr
1119 3460 1293 3534 malorum
1303 3462 1439 3543 author.

133 3608 161 3653 „
186 3581 228 3632 ac
252 3555 443 3632 fabricator
468 3559 596 3633 Petrus
618 3559 776 3650 Lisetur,
808 3556 945 3651 printus
963 3576 1040 3631 tum
1060 3557 1184 3632 Curiae
1203 3555 1352 3654 praeses,
1378 3585 1435 3634 re·

134 3706 162 3752 „
187 3653 294 3746 liquis
320 3653 550 3729 senatoribus
572 3652 759 3754 judicibus
786 3649 992 3750 persuadere
1019 3654 1244 3748 conabatur,
1278 3679 1320 3732 ut
1347 3682 1438 3755 quau.

134 3806 165 3849 ,‚
189 3748 414 3839 tuordecirn,
447 3753 508 3846 qui
527 3753 655 3847 capitis
672 3769 771 3825 eraut
787 3749 967 3839 damnati,
994 3775 1058 3847 per
1076 3750 1284 3826 monasteria
1302 3752 1437 3850 separa·

135 3903 164 3952 „
187 3867 311 3926 rentur
329 3847 391 3920 alii
405 3845 448 3921 ab
465 3846 564 3943 aliia,
588 3867 696 3948 atque
711 3850 762 3923 ita
774 3843 924 3925 seorfirn
944 3845 1164 3949 ungulorum
1182 3848 1272 3929 fides
1290 3850 1326 3926 δι
1346 3876 1437 3925 con·

736 3943 825 4048 Xe
1010 4064 1015 4074 ,
1255 3945 1472 4064 ’,Λὶψ--
