3322 4456
213 293 283 386 raa·
354 336 357 341 .
421 259 1297 397 rarsno'nrao'nvnssrrcu'nrr
1351 273 1521 394 ΑΜ..

208 400 379 508 Μινωὶς
404 410 588 509 Baptista,
608 406 813 499 'cathedi‘a,
829 408 833 415 '
847 404 1004 502 pedum,
1028 405 1182 484 misseria
1199 409 1328 510 vestis,
1353 419 1514 502 cerebel.

209 510 428 584 lampares
448 510 584 583 deinde
599 522 754 603 corpora
772 505 939 578 divorum
956 506 1001 580 &³
1012 505 1156 602 quidem
1174 512 1281 584 variis
1296 515 1332 586 in
1349 515 1439 590 locis
1456 542 1514 592 ea·

209 605 305 678 dem.
335 605 506 682 Ostendit
524 629 642 680 autern
662 625 792 704 quanta
812 607 1039 679 veneratione
1057 606 1214 704 populus
1233 609 1313 685 haec
1332 616 1452 689 omnia
1472 615 1516 692 fit

210 702 441 800 prosecutus,
475 709 581 803 'quma
609 729 650 778 ea
676 703 829 778 sacrifici
855 725 929 775 non
958 701 1030 776 fine
1056 705 1175 800 pretio
1194 706 1263 781 illis
1281 710 1517 810 exhiberent,

212 801 250 874 &
270 800 291 875 ὲ
310 805 509 901 longinquo
526 802 713 902 spe&mda
727 821 998 900 proponerent,
1025 825 1098 875 tem
1118 802 1289 880 videlicet
1307 810 1433 904 nihili,
1452 811 1517 887 fri·
1632 875 1637 883 .

211 898 352 997 volam,
388 903 430 973 ab
451 901 533 999 'r'psis
552 921 703 1000 propter
720 899 895 994 quaestum
915 900 1185 996 excogitatam,
1211 904 1249 979 &
1268 929 1349 1003 quae
1369 912 1519 1008 propius

210 995 366 1095 inspeua
383 1000 472 1072 nihil
491 1001 617 1072 habeat
636 1016 769 1091 praeter
786 993 910 1068 fucum
931 997 968 1069 &
986 996 1164 1071 umbram.

226 1112 230 1145 ²
259 1109 297 1190 ςι-
311 1100 460 1177 XLIX.
484 1099 574 1171 Hoc
592 1096 808 1190 annuatque
826 1093 912 1164 item
930 1090 1132 1187 superiore,
1152 1095 1196 1166 de
1207 1097 1399 1195 Concilio,
1419 1104 1518 1203 quod

211 1203 345 1278 Paulus
359 1201 430 1272 ΙΙΙ.
458 1195 538 1292 post
556 1191 685 1265 multas
701 1186 1032 1286 tergiversationes,
1052 1189 1089 1261 in
1106 1188 1196 1263 urbe
1213 1194 1433 1275 Tridentino
1452 1201 1519 1276 fin·

59 1363 62 1366 ,
212 1301 332 1472 gplari
360 1296 560 1412 diplomate
579 1289 628 1406 (a)
663 1285 866 1400 nabendum
893 1284 1094 1381 indixerat,
1128 1289 1264 1364 multus
1288 1312 1365 1368 erat
1383 1294 1523 1395 sermo,

212 1381 1434 1590 ,aafiniatatartranasamasaia
1450 1421 1525 1591 aa

196 1592 310 1686 ‘eum'
320 1588 395 1684 jaan
424 1584 584 1681 quinque
605 1580 696 1657 locis
718 1580 904 1680 aggressus
929 1600 1026 1674 erat,
1051 1581 1280 1679 Flandriam,
1305 1581 1523 1668 Lucenbur·

191 1739 192 1742 η
242 1711 335 1781 um,
367 1678 673 1758 Ruscinonensem
694 1701 861 1776 agrum,
894 1678 1307 1778 Pedemontiumatque
1333 1686 1526 1766 Atrebates

214 1711 321 1861 fimus
345 1784 522 1872 adortus,
557 1775 676 1852 nullos
701 1777 790 1850 illuc
816 1775 979 1874 Legatos
1002 1778 1149 1853 mittere
1163 1776 1313 1877 posset,
1346 1802 1526 1884 quamque

213 1881 306 1962 adeo
321 1903 375 1955 res
393 1879 509 1952 omnis
527 1876 563 1948 in
582 1874 766 1973 spongiam
786 1873 995 1947 incumbere
1012 1874 1182 1964 deberet,

250 1972 778 2074 QridverirtumRexGalliae
788 1967 1104 2049 molitusfuerit&
1140 1973 1526 2077 uomodoabuaapar·

213 2096 252 2157 te
270 2074 511 2174 Evangelicos
530 2073 565 2145 in
584 2071 778 2155 Germania
787 2070 958 2144 Ptoceres
976 2067 1043 2144 fibi
1052 1997 1305 2148 vetievincire
1313 2076 1372 2150 rel
1381 2095 1457 2151 arte
1466 2100 1527 2152 ca··

242 2169 589 2265 eresueritannisus,
608 2189 651 2245 ut
660 2168 833 2246 tamenab
842 2168 1219 2268 alteraquoqueparte
1229 2169 1314 2246 Sedi
1324 2173 1528 2273 Romanae,

214 2201 255 2352 gi
272 2270 470 2364 Pontifici,
487 2270 582 2368 apud
601 2286 708 2368 quem
723 2265 846 2344 Caesar
861 2274 944 2353 eum
963 2265 1173 2371 gravissimis
1189 2268 1309 2346 verbis
1326 2271 1531 2370 detulerat,

212 2374 250 2453 se
275 2371 488 2472 probaret,
504 2393 577 2443 non
603 2369 731 2444 melius
758 2390 865 2464 quam
882 2366 958 2439 ex'i
990 2365 1033 2442 fis
1050 2370 1128 2467 ejus
1146 2365 1249 2444 fastis
1265 2372 1439 2473 cognosci
1458 2397 1525 2470 po·

213 2471 305 2551 tesi:
343 2466 566 2560 Enimvero,
595 2492 678 2544 curn
699 2467 820 2543 Caesar
836 2490 920 2543 eum
938 2391 1168 2572 cfandestinae
1187 2491 1272 2541 cum
1290 2469 1528 2546 Protestanti·

214 2573 284 2649 bus
302 2568 510 2660 coslufionis
528 2566 776 2663 accusaverat,
802 2567 862 2661 δε,
889 2563 988 2664 quod
1007 2565 1108 2640 omni
1128 2561 1225 2660 nisu,
1251 2589 1296 2640 ne
1314 2567 1528 2643 Concilium

214 2667 630 2745 t·1²0ntificerndittum
649 2668 788 2757 coiret,
807 2663 1065 2762 procuraturus
1073 2660 1182 2750 esset',
1198 2665 1337 2758 quippe
1345 2668 1408 2759 qui
1417 2666 1526 2734 etiam

216 2770 302 2841 cum
328 2789 459 2864 magno
485 2765 670 2932 religionis
694 2763 915 2833 detrimento
933 2755 1014 2847 (b),
1043 2753 1215 2829 &divini
1233 2755 1527 2849 cuitus3'quiex

95 2866 106 2879 '
216 2863 378 2940 concilio
404 2859 555 2961 expesta
583 2882 686 2948 atur,
719 2852 1004 2949 impedimento,
1030 2847 1167 2918 bellum
1185 2846 1377 2934 movissem
1404 2849 1454 2940 is,
1480 2871 1526 2924 ne

218 2961 302 3034 haec
329 2962 449 3034 omnia
475 2957 539 3031 fibi
568 2957 604 3024 in
623 2948 773 3024 crimine
790 2961 965 3041 poneret,
988 2939 1132 3016 efficere
1150 2939 1316 3034 volebat,
1343 2945 1469 3020 acerba
1488 2950 1525 3022 in

219 3056 450 3134 Lutheranos
459 3048 576 3129 edieta
585 3039 812 3134 renovando,
830 3043 1138 3138 atqueeaornnia,
1157 3043 1318 3139 quaejam
1330 3053 1362 3131 t.
1373 3041 1525 3122 XLIV.

217 3157 478 3244 enarravimus,
512 3140 648 3220 funesta
664 3137 803 3213 ratione
822 3134 1006 3232 modoque
1021 3137 1271 3238 exsequendo,
1297 3142 1335 3217 &
1352 3139 1469 3219 severa
1487 3147 1524 3220 in

176 3273 192 3281 ”
215 3256 411 3351 ,violatores
434 3239 612 3344 supplicia
635 3232 921 3331 statuminando,
947 3233 1043 3314 unde
1059 3238 1132 3313 illae
1151 3235 1456 3340 sanguinolentae,
1482 3244 1528 3320 de

943 3370 948 3375 ·
1444 3366 1526 3441 qur·

222 3484 311 3614 ”ro
334 3508 499 3591 aaronis
522 3518 604 3620 traua
627 3517 898 3619 arproma‘naane
914 3515 997 3604 apuu
1014 3513 1275 3585 RAYNOLD.
1291 3519 1331 3584 aa
1347 3536 1523 3607 anano.

216 3635 251 3684 n.
270 3630 321 3698 13.
336 3610 393 3692 sq..
415 3607 556 3691 itemque
580 3625 616 3705 in.
634 3603 791 3687 Jobanms
807 3604 1013 3707 Gassemqrei,
1038 3601 1212 3669 Duacensir
1230 3599 1446 3706 Declaratiorr.
1481 3609 1526 3709 Is·

216 3690 499 3886 issistastsr
515 3685 1525 3862 ssssaisssasstsfassistis?assisis

214 3885 309 4039 plii)
333 3947 397 4016 aa.
414 3945 503 4015 rani.
521 3942 726 4014 sarnus
744 3945 776 4012 a
792 3942 910 4012 uaros.
927 3938 1056 4011 ennea.
1076 3940 1169 4012 rar.
1189 3936 1264 4009 un.
1280 3940 1307 4010 1·
1330 3937 1433 4028 μὴ·
