3322 4456
236 310 283 400 5⁶
448 282 833 379 Hrsuoara
876 290 1322 385 Evam-catu
1371 310 1543 414 n.1·525..

236 479 265 521 „
291 425 401 503 ciffim
427 427 553 526 suopte
579 427 731 597 psarodam
755 427 838 522 jure
865 433 961 518 (nam
991 429 1080 502 tanti
1105 433 1176 505 viri
1204 434 1356 532 imperio
1375 439 1539 516 lubenter

237 576 265 619 „
290 525 523 622 volentesque
540 550 581 599 ce
606 529 714 614 rmus)
735 523 915 618 compulit
933 525 1086 602 incultas
1104 529 1180 604 illas
1196 534 1238 605 ad
1258 553 1295 607 te
1308 535 1540 631 dareliteras,

237 673 267 715 „
293 623 422 720 quibus
449 624 609 697 futurum
637 625 774 720 sperat,
810 640 852 693 ut
878 624 1038 696 amicitia
1062 624 1223 703 secundis
1248 633 1373 706 avibus
1390 656 1538 730 coepta,

239 771 267 815 ,‚
292 722 420 794 eodem‘
445 722 601 818 auspicio
629 721 665 794 in
689 720 784 792 diem
812 720 927 819 magis
953 745 995 794 ac
1015 725 1128 821 magis
1146 725 1300 822 crescat,
1324 730 1436 804 sedin
1454 755 1538 807 eum

239 821 404 911 „modo
436 819 566 914 usum,
607 841 648 894 ut
683 839 773 917 pura
806 816 867 890 illa
893 841 1047 918 veraque
1074 822 1209 897 Christi
1236 828 1366 926 religio
1391 831 1540 928 amplie-

239 967 267 1010 υ
294 936 373 990 ¹⁰¹²
393 970 423 1010 aa
1019 978 1022 982 >

287 1015 498 1104 Caeternm,
516 1014 559 1087 ad
581 1016 724 1086 Annum
740 1029 844 1104 1524.
863 1010 952 1083 illud
961 1019 1173 1089 anteomnia
1183 1024 1455 1096 commemorari
1466 1047 1541 1099 me·

238 1130 357 1207 retur,
393 1112 490 1212 quod
509 1111 615 1184 habet
635 1108 776 1181 Natalis
794 1107 980 1179 BEDDA
998 1111 1036 1180 in
1052 1110 1110 1182 sua
1127 1114 1290 1190 adversus
1306 1121 1542 1196 clandestinos

238 1208 468 1286 Lutheranos
487 1207 682 1303 Apologia.
701 1206 750 1296 (a)
784 1254 811 1295 „
829 1202 976 1294 Quibus
993 1206 1227 1282 consentanei
1245 1237 1352 1309 agens
1369 1218 1542 1314 superiori

239 1360 267 1403 „
293 1308 414 1383 aestate
431 1311 517 1379 Rex
534 1301 653 1375 noster
672 1298 984 1376 Christianiffimus
1002 1303 1032 1376 F
1034 1305 1235 1398 ranciscus,
1254 1332 1339 1382 cum
1358 1311 1422 1385 sub
1441 1335 1541 1389 tene-

238 1457 267 1500 „
296 1407 367 1479 bris
387 1401 517 1500 perditi
536 1400 680 1496 quidam
694 1398 914 1489 Lutherani,
932 1399 1059 1473 saneae
1072 1403 1142 1476 Dei
1152 1406 1339 1502 genitricis
1347 1411 1542 1485 execrabili

240 1554 267 1597 „
292 1500 508 1598 blasphemia
527 1499 718 1597 imaginem
737 1497 912 1596 quandam
924 1497 1048 1571 Parifii
1064 1499 1350 1600 detruncaffent,
1370 1509 1541 1583 summam

237 1650 267 1695 „
293 1599 433 1671 dedito
462 1621 579 1688 eram,
597 1618 639 1670 ut
658 1617 730 1670 tam
748 1596 852 1691 impii
870 1595 1037 1669 facinoris
1055 1601 1343 1693 comperiremus
1358 1605 1542 1699 mekotes,

181 1750 185 1763 .
239 1749 268 1792 ,‚
295 1621 501 1796 ingentibus
517 1695 621 1767 etiam
641 1693 744 1767 donis
763 1691 958 1789 promissis,
982 1695 1243 1789 revelantibus,
1270 1701 1307 1772 ὅ(
1326 1700 1498 1793 consciis,
1515 1704 1542 1778 fi

237 1847 267 1889 „
293 1795 499 1893 praecipuos
512 1792 715 1865 accusarent
725 1791 957 1883 criminosos,
976 1791 1306 1891 plenaimpnnitate
1315 1796 1455 1872 oblata:
1479 1801 1542 1899 Ip-

145 1903 147 1907 '
227 1932 267 1987 »„
293 1892 327 1967 se
352 1910 472 1965 autem
500 1914 584 1972 cum
611 1885 890 1984 frequentiffimo
917 1890 1147 1985 &perquam
1166 1915 1222 1964 ma
1251 1891 1541 1993 nificoducum,
1627 1936 1635 1949 ·

238 2043 266 2086 ‚,
295 1990 499 2089 principum
520 1984 1098 2085 &primaenobilitatisvirorum,
1115 1914 1545 2094 magifiratnumquoque

101 2105 108 2118 ·
240 2140 267 2183 ,‚
293 2111 334 2160 ac
354 2086 481 2184 populi
500 2087 701 2178 comitatu,
721 2084 877 2157 maxima
894 2107 978 2158 cnm
990 2106 1219 2161 veneratione
1227 2087 1429 2164 scandalum
1440 2117 1544 2190 repa·

240 2239 267 2282 „
294 2209 371 2260 rare
395 2183 535 2277 voluit,
568 2182 656 2258 adeb
685 2201 725 2256 ut
748 2182 909 2257 manibus
928 2183 1082 2281 propriis
1100 2183 1303 2262 incredibili
1323 2190 1458 2284 pietate
1475 2216 1544 2290 pro

239 2336 267 2381 „
294 2283 431 2380 lapidea
448 2302 510 2357 aut
528 2283 646 2381 lignea
664 2284 840 2381 imagine,
857 2282 959 2358 aliam
978 2301 1183 2378 argenteam
1203 2288 1239 2359 in
1252 2287 1411 2383 pristinae
1421 2289 1545 2366 locum
1621 2362 1625 2369 .

237 2435 266 2479 „
292 2382 465 2456 obtulerit
482 2405 524 2455 ac
543 2406 580 2454 re
608 2381 761 2473 osuerit,
779 2379 959 2478 perpetui>
978 2381 1028 2453 ibi
1045 2383 1330 2479 permansuram,
1348 2388 1446 2484 quod
1462 2391 1545 2485 qni·

237 2536 265 2578 ‚,
291 2481 370 2556 dem
399 2405 696 2580 religiosriiimum
725 2480 764 2556 &
790 2477 1087 2554 Christianiffimo
1115 2482 1223 2582 Rege
1239 2483 1391 2581 dignum
1412 2485 1545 2581 Opus,

237 2635 264 2679 „
291 2580 506 2657 Lutheranis
533 2605 605 2656 non
632 2605 746 2679 pauca
769 2578 902 2652 ademit
919 2601 1075 2669 cornua,
1102 2579 1139 2654 ἃ
1158 2579 1354 2677 praesertim
1372 2586 1544 2680 quoniam

236 2730 264 2771 „
290 2682 383 2771 apud
403 2682 590 2750 Rothoma
621 2706 680 2751 um
701 2678 849 2760 urbem,
869 2678 913 2744 de
926 2677 1081 2767 quodam
1094 2677 1327 2764 Lutherano,
1345 2682 1407 2768 qui
1418 2680 1544 2744 diebus
1650 2674 1654 2681 ’

237 2825 265 2867 ,‚
291 2775 361 2940 isllis
386 2775 493 2937 ¹etiam
522 2772 577 2843 san
617 2764 1178 2938 ortgcmsimaffiinibugegmgietati
1197 2769 1421 2856 detraxerat,
1445 2764 1543 2861 juffit

755 2882 827 2930 veri
855 2882 926 2930 lma
1081 2909 1089 2926 ·

238 2922 265 2965 ”
286 2890 471 3049 §offla
483 2885 711 3030 ediiindiinus
728 2884 873 3050 seequens
890 2956 922 3050 ej
929 2978 967 3027 us
982 2952 1093 3028 seculi
1107 2908 1280 3052 3dr'cefiraas
1292 2960 1449 3054 quintus,
1468 2983 1543 3052 quo

237 3061 446 3136 Franciscus
470 3056 670 3131 Galliarum
692 3057 799 3140 Rex,
834 3073 916 3123 cum
936 3053 973 3125 iu
991 3052 1119 3149 praelio
1135 3054 1321 3128 Ticinensa
1340 3056 1377 3131 d.
1397 3081 1455 3153 24.
1473 3059 1542 3133 Fe·

237 3161 368 3235 bruarii
390 3155 572 3230 inferiores
591 3151 673 3225 faeti
691 3149 801 3224 effent
822 3147 943 3240 Galli,
962 3150 1170 3245 capiebatur
1188 3150 1209 3224 i
1228 3151 1364 3227 Caroio
1376 3155 1425 3228 V.
1445 3157 1540 3253 Imp.

238 3262 275 3336 dt
297 3262 332 3332 in
352 3255 560 3354 Hispaniam
578 3250 845 3338 abducebatur,
863 3249 958 3322 unde
975 3247 1008 3322 se
1026 3250 1166 3322 tandem
1186 3249 1267 3345 post
1285 3253 1455 3327 tredecim
1475 3279 1542 3330 cu·

239 3357 363 3430 stodiae
384 3354 514 3428 menses
534 3353 705 3424 redimere
722 3346 859 3423 debuit.
896 3347 948 3420 Ea
967 3347 1082 3444 Regis
1101 3347 1278 3439 absentia,
1303 3353 1416 3448 magis
1434 3357 1542 3427 etiam

237 3453 482 3529 inflammabat
503 3448 748 3541 Sorbonistas,
773 3464 816 3519 ut
833 3445 1042 3543 posthabito
1060 3447 1287 3540 personarum
1307 3445 1486 3542 serpena,
1506 3453 1543 3525 in

238 3553 349 3626 Viros
375 3576 500 3649 graves
527 3550 563 3623 &
587 3547 762 3637 eximios,
796 3540 908 3617 modi>
936 3545 1176 3617 innovationis
1194 3544 1380 3636 cujusdam
1400 3548 1436 3618 in
1453 3548 1544 3623 doc·

236 3653 330 3727 trina
364 3651 422 3724 vel
457 3647 620 3725 moribus
654 3643 765 3718 essent
791 3641 969 3740 suspecti,
1012 3642 1189 3716 calamum
1217 3641 1432 3816 stringerenp
1459 3671 1545 3720 cen·

1286 3770 1292 3780 ¹
1427 3768 1545 3816 orrum

278 3878 328 4028 (ab)
353 3876 436 3962 Qua
460 3874 541 3940 edita
556 3870 599 3938 est
617 3869 660 3936 Α.
681 3888 693 3936 r
701 3885 774 3954 525.
803 3867 869 3934 vid.
885 3864 1047 3954 Argenrrl
1059 3866 1083 3932 1.
1100 3887 1130 3934 c.
1156 3864 1261 3933 Tum.
1279 3865 1342 3934 111.
1367 3865 1408 3932 P.
1425 3867 1469 3937 11.
1485 3867 1545 3933 sol.

239 3983 288 4029 tr.
326 4009 334 4025 .
