3322 4456
769 291 784 383 s
798 287 900 384 ¹4¹·)
1449 367 1452 374 .

186 473 193 488 .
231 414 276 490 In
328 411 500 489 ostremos
526 421 598 488 tres
623 413 842 512 Prophetas,
876 413 1006 525 nempe
1030 413 1246 511 Haggeum,
1273 413 1481 492 Zachariam

183 511 222 589 δι
240 437 484 601 Malachiam,
510 509 802 585 Commentarius
815 509 986 603 Johannrs
1005 509 1292 607 Oecolampadii.

230 606 333 705 Quid
352 606 396 680 de
414 605 637 679 Eucharistia
655 625 790 680 veteres
808 625 884 677 tum
905 605 1053 695 Graeci,
1080 625 1156 677 tum
1177 609 1298 680 Larini
1318 609 1482 691 senserint

182 701 278 777 dinlo
306 725 366 774 us:
404 702 439 774 in
465 700 741 799 quoEp'istolae
770 701 932 801 Philippi
960 699 1227 799 Melandhonis
1255 705 1291 778 &
1309 705 1481 798 Johannis

182 725 457 894 Oecolarnpadii
478 797 614 871 insertae
632 797 724 871 suna

228 895 472 990 Apologetica
488 894 632 985 Joannis
649 892 921 989 Oecolampadii
942 894 985 965 de
1004 893 1179 989 dignitate
1199 894 1445 968 Eucharistiae.

225 991 373 1084 Joannis
392 990 671 1085 Oeolampadius
689 991 732 1062 de
748 993 903 1085 genuina
920 990 1111 1064 verborum
1134 993 1305 1082 Domini,
1333 991 1479 1065 Hocest

181 1109 312 1183 corpus
330 1110 471 1175 meum,
500 1084 773 1182 fignificatione.

231 1185 274 1254 ln
305 1182 502 1279 Epillolam
531 1183 630 1254 Pauli
650 1177 817 1279 Apostoli
833 1179 1076 1255 adnotationes
1094 1207 1113 1254 a
1129 1183 1265 1276 Joanne
1282 1182 1478 1256 Oecolam·

180 1279 288 1375 padio
308 1279 518 1376 recognitae.

228 1378 347 1448 Acuta
364 1374 543 1472 exegefis,
570 1373 605 1447 id
624 1373 698 1466 est,
715 1372 1365 1473 ExpofirioEucharisticinegotiiad
1378 1376 1478 1449 Mar·
1528 1418 1532 1421 ·

180 1471 295 1544 tinum
315 1472 542 1563 Lutherum,
570 1471 753 1543 Huldrico
771 1471 944 1567 Zuinglio
962 1473 1122 1543 authore.

228 1569 544 1663 Complanationes
572 1568 683 1639 Esaiae
710 1567 903 1665 Prophetae
922 1567 1056 1641 foetura
1073 1569 1209 1662 prima,
1235 1590 1319 1639 cum
1338 1567 1478 1663 Apolo-

179 1665 240 1761 gia
260 1688 323 1759 per
341 1664 562 1736 Huldricum
581 1664 808 1761 Zuinglium.
1076 1748 1077 1751 Ἴ

218 1761 384 1859 ,Farrago
405 1761 678 1833 annotationum
696 1749 733 1832 in
752 1760 944 1851 Genesim,
971 1783 1016 1832 ex
1035 1782 1097 1831 ore
1115 1758 1284 1830 Huldrici
1303 1759 1479 1858 Zuinglii.

180 1858 502 1931 Annotatiunculae
529 1881 591 1953 per
610 1859 770 1931 Leonem
786 1858 940 1951 Judam‚
965 1880 1010 1930 ex
1028 1881 1090 1930 ore
1107 1856 1271 1952 Zuinglii
1289 1858 1326 1928 in
1344 1879 1479 1932 utram·

177 1978 248 2052 que
269 1955 367 2027 Pauli
385 1954 428 2027 ad
449 1955 660 2028 Corinthios
680 1954 894 2049 Epistolam.
1127 2032 1130 2037 Δ

226 2051 284 2122 nd
310 2050 551 2145 Philippenses
576 2054 881 2127 annotatiunculae
907 2074 971 2147 per
995 2049 1156 2124 Leonem
1173 2050 1326 2145 Judam‚
1352 2076 1397 2126 ex
1416 2076 1478 2128 ore

179 2144 355 2231 Huldrici
372 2145 534 2239 Zuinglii
553 2168 730 2239 exceptae.

226 2239 284 2350 Ad
302 2237 546 2407 i‘l'luldrlrffi'mos
565 2241 769 2314 Germaniae
787 2241 968 2337 principes
987 2241 1161 2336 Augustae
1180 2264 1421 2340 congregatos
1434 2243 1480 2317 de
1514 2288 1526 2312 ,s

177 2357 345 2413 convrtus
399 2359 418 2406 c
448 2358 485 2406 rr.

226 2435 270 2507 In
290 2431 617 2528 Catabaptistarum
639 2429 813 2525 Strophas
831 2431 1012 2505 Elenchus
1033 2431 1203 2504 Huldrici
1222 2434 1397 2531 Zuinglii.

224 2533 285 2604 De
303 2532 414 2604 veteri
434 2531 470 2603 &
491 2529 573 2602 falsa
592 2529 787 2624 Religione
807 2529 977 2602 Huldrici
996 2530 1158 2625 Zuinglii
1176 2531 1477 2605 Commentarius.

226 2627 284 2699 ad
312 2626 574 2698 illustrishmum
601 2627 793 2699 Castorum
813 2628 1012 2722 principem
1031 2627 1264 2720 Philippum,
1292 2629 1478 2702 Sermones

177 2725 220 2797 de
240 2722 465 2822 providentia
486 2725 580 2810 Dei,
609 2721 818 2794 Huldricho
832 2722 1006 2818 Zuinglio
1024 2723 1186 2793 authore.

110 2849 112 2853 ’
187 2896 188 2901 ,
225 2820 723 2929 ComplanationesJeremiae
744 2820 933 2929 Prophetae
953 2817 1087 2892 foetuta
1104 2822 1217 2915 prima
1235 2844 1316 2893 curn
1334 2822 1475 2916 Apolo-

178 2917 932 3090 g¹arldp‘lrhltdlslaldlmlllllizcdltlgdlunllrbani
961 2968 1072 3110 Regii
1101 3013 1277 3112 Epistolas
1297 3011 1476 3110 responfio

176 3114 347 3186 Huldrici
367 3112 543 3209 Zuinglii.
1498 3139 1500 3144 ·

224 3210 315 3302 Quo
342 3210 447 3305 padio
475 3209 618 3306 ingenui
637 3207 874 3282 adolescentes
893 3205 1068 3278 formandi
1087 3204 1189 3298 sunt,
1217 3209 1479 3303 praeceptiones

176 3304 363 3403 pauculae,
391 3305 573 3379 Huldrico
592 3303 766 3401 Zuinglio
784 3305 945 3375 authore.

226 3402 487 3477 Annotationcs
503 3403 675 3496 Johannis
693 3400 920 3497 Bugenhagii
934 3399 1120 3470 Pomerani
1140 3399 1173 3466 in
1186 3397 1364 3493 Epillolas
1378 3399 1478 3497 Pauli

176 3500 220 3575 ad
249 3501 418 3590 Galatas,
452 3500 648 3596 Ephesios,
684 3496 948 3594 Philippenses,
984 3494 1225 3589 colossenses,
1251 3493 1478 3570 Thessaloni·

177 3597 315 3688 censes,
341 3597 492 3692 primam
512 3599 549 3672 &
567 3597 768 3670 secundam.

226 3697 269 3767 ln
295 3696 443 3790 Regum
463 3693 551 3768 duos
570 3697 718 3767 ultimos
736 3693 847 3767 libros
866 3689 1111 3763 annotationes
1125 3689 1268 3782 Joannis
1287 3691 1477 3788 Bugenha·

177 3793 231 3890 gii
249 3793 436 3903 Pomeranli
455 3789 535 3889 post
555 3794 777 3885 Samuelem,
791 3793 873 3981 Siatp
893 3789 1048 3886 primum
1066 3786 1210 3863 emissa.
1343 3880 1479 3975 Johan-
