<?xml version="1.0" encoding="UTF-8"?>
<!DOCTYPE html PUBLIC "-//W3C//DTD XHTML 1.0 Transitional//EN"
    "http://www.w3.org/TR/xhtml1/DTD/xhtml1-transitional.dtd">
<html xmlns="http://www.w3.org/1999/xhtml" xml:lang="en" lang="en">
 <head>
  <title>
</title>
<meta http-equiv="Content-Type" content="text/html;charset=utf-8" />
  <meta name='ocr-system' content='tesseract 3.04.00' />
  <meta name='ocr-capabilities' content='ocr_page ocr_carea ocr_par ocr_line ocrx_word'/>
</head>
<body>
  <div class='ocr_page' id='page_1' title='image "./introductioinhi02gerdgoog_0596.png"; bbox 0 0 3322 4456; ppageno 0'>
   <div class='ocr_carea' id='block_1_1' title="bbox 159 300 1503 2078">
    <p class='ocr_par' dir='ltr' id='par_1_1' title="bbox 753 300 888 401">
     <span class='ocr_line' id='line_1_1' title="bbox 753 300 888 401; baseline -0.03 -6"><span class='ocrx_word' id='word_1_1' title='bbox 753 305 771 395; x_wconf 88' lang='lat' dir='ltr'>t</span> <span class='ocrx_word' id='word_1_2' title='bbox 781 300 888 401; x_wconf 59' lang='lat' dir='ltr'>tra)</span> 
     </span>
    </p>

    <p class='ocr_par' dir='ltr' id='par_1_2' title="bbox 159 417 1501 1788">
     <span class='ocr_line' id='line_1_2' title="bbox 173 417 1493 528; baseline 0.005 -27"><span class='ocrx_word' id='word_1_3' title='bbox 173 417 325 518; x_wconf 72' lang='lat' dir='ltr'>ssemur,</span> <span class='ocrx_word' id='word_1_4' title='bbox 350 427 410 500; x_wconf 87' lang='lat' dir='ltr'>eui</span> <span class='ocrx_word' id='word_1_5' title='bbox 428 421 590 500; x_wconf 86' lang='lat' dir='ltr'>debetur.</span> <span class='ocrx_word' id='word_1_6' title='bbox 615 428 682 501; x_wconf 73' lang='lat' dir='ltr'>cat</span> <span class='ocrx_word' id='word_1_7' title='bbox 698 428 890 520; x_wconf 68' lang='grc' dir='ltr'><em>Ηηηα,</em></span> <span class='ocrx_word' id='word_1_8' title='bbox 905 425 1099 521; x_wconf 77' lang='lat' dir='ltr'>Hm,</span> <span class='ocrx_word' id='word_1_9' title='bbox 1115 429 1192 505; x_wconf 76' lang='lat' dir='ltr'>&amp;e</span> <span class='ocrx_word' id='word_1_10' title='bbox 1216 430 1277 504; x_wconf 77' lang='lat' dir='ltr'>Ad</span> <span class='ocrx_word' id='word_1_11' title='bbox 1290 430 1493 528; x_wconf 77' lang='lat' dir='ltr'>Rom.r3.&#39;</span> 
     </span>
     <span class='ocr_line' id='line_1_3' title="bbox 173 522 1490 622; baseline 0.003 -24"><span class='ocrx_word' id='word_1_12' title='bbox 173 522 297 622; x_wconf 69' lang='lat' dir='ltr'>Regem</span> <span class='ocrx_word' id='word_1_13' title='bbox 312 526 539 621; x_wconf 77' lang='lat' dir='ltr'>bonnificate.</span> <span class='ocrx_word' id='word_1_14' title='bbox 567 547 582 598; x_wconf 90' lang='lat' dir='ltr'>t</span> <span class='ocrx_word' id='word_1_15' title='bbox 597 526 675 599; x_wconf 89' lang='lat' dir='ltr'>Pet.</span> <span class='ocrx_word' id='word_1_16' title='bbox 688 549 723 599; x_wconf 85' lang='lat'>2.</span> <span class='ocrx_word' id='word_1_17' title='bbox 767 525 817 598; x_wconf 78' lang='lat' dir='ltr'>Et</span> <span class='ocrx_word' id='word_1_18' title='bbox 834 522 878 597; x_wconf 75' lang='lat' dir='ltr'>fin</span> <span class='ocrx_word' id='word_1_19' title='bbox 894 547 1021 598; x_wconf 71' lang='lat' dir='ltr'>cautus</span> <span class='ocrx_word' id='word_1_20' title='bbox 1038 551 1209 621; x_wconf 80' lang='lat' dir='ltr'>oportet,</span> <span class='ocrx_word' id='word_1_21' title='bbox 1233 553 1278 599; x_wconf 91' lang='lat' dir='ltr'>ne</span> <span class='ocrx_word' id='word_1_22' title='bbox 1294 528 1417 621; x_wconf 78' lang='lat' dir='ltr'>spreto</span> <span class='ocrx_word' id='word_1_23' title='bbox 1436 554 1490 602; x_wconf 89' lang='lat' dir='ltr'>eo</span> 
     </span>
     <span class='ocr_line' id='line_1_4' title="bbox 175 617 1490 720; baseline 0.003 -26"><span class='ocrx_word' id='word_1_24' title='bbox 175 617 251 694; x_wconf 80' lang='lat' dir='ltr'>Dei</span> <span class='ocrx_word' id='word_1_25' title='bbox 268 645 478 720; x_wconf 79' lang='lat' dir='ltr'>praecepto,</span> <span class='ocrx_word' id='word_1_26' title='bbox 496 623 555 694; x_wconf 86' lang='lat' dir='ltr'>cui</span> <span class='ocrx_word' id='word_1_27' title='bbox 573 622 720 695; x_wconf 86' lang='lat' dir='ltr'>obedire</span> <span class='ocrx_word' id='word_1_28' title='bbox 733 625 885 713; x_wconf 81' lang='lat' dir='ltr'>tenerit,</span> <span class='ocrx_word' id='word_1_29' title='bbox 901 624 956 695; x_wconf 89' lang='lat' dir='ltr'>illi</span> <span class='ocrx_word' id='word_1_30' title='bbox 968 622 1134 713; x_wconf 73' lang='lat' dir='ltr'>obedias,</span> <span class='ocrx_word' id='word_1_31' title='bbox 1153 630 1213 697; x_wconf 89' lang='lat' dir='ltr'>cui</span> <span class='ocrx_word' id='word_1_32' title='bbox 1226 626 1361 695; x_wconf 78' lang='lat' dir='ltr'>nullam</span> <span class='ocrx_word' id='word_1_33' title='bbox 1372 628 1490 698; x_wconf 83' lang='lat' dir='ltr'>Obe-</span> 
     </span>
     <span class='ocr_line' id='line_1_5' title="bbox 177 715 1492 815; baseline 0.004 -25"><span class='ocrx_word' id='word_1_34' title='bbox 177 715 348 793; x_wconf 79' lang='lat' dir='ltr'>dieutiam</span> <span class='ocrx_word' id='word_1_35' title='bbox 365 723 483 793; x_wconf 75' lang='lat' dir='ltr'>debet.</span> <span class='ocrx_word' id='word_1_36' title='bbox 528 720 614 792; x_wconf 86' lang='lat' dir='ltr'>Hoc</span> <span class='ocrx_word' id='word_1_37' title='bbox 631 723 725 792; x_wconf 88' lang='lat' dir='ltr'>enim</span> <span class='ocrx_word' id='word_1_38' title='bbox 744 742 854 815; x_wconf 78' lang='lat' dir='ltr'>grave</span> <span class='ocrx_word' id='word_1_39' title='bbox 871 722 1063 793; x_wconf 79' lang='lat' dir='ltr'>Peccatum</span> <span class='ocrx_word' id='word_1_40' title='bbox 1081 721 1145 793; x_wconf 80' lang='lat' dir='ltr'>est.</span> <span class='ocrx_word' id='word_1_41' title='bbox 1183 724 1333 793; x_wconf 79' lang='lat' dir='ltr'>Mandat</span> <span class='ocrx_word' id='word_1_42' title='bbox 1352 725 1492 813; x_wconf 71' lang='lat' dir='ltr'>Deus,</span> 
     </span>
     <span class='ocr_line' id='line_1_6' title="bbox 178 817 1495 915; baseline 0.005 -29"><span class='ocrx_word' id='word_1_43' title='bbox 178 832 223 888; x_wconf 87' lang='lat' dir='ltr'>ut</span> <span class='ocrx_word' id='word_1_44' title='bbox 245 817 342 915; x_wconf 83' lang='lat' dir='ltr'>Regi</span> <span class='ocrx_word' id='word_1_45' title='bbox 362 819 518 890; x_wconf 77' lang='lat' dir='ltr'>obediat.</span> <span class='ocrx_word' id='word_1_46' title='bbox 562 817 695 910; x_wconf 82' lang='lat' dir='ltr'>Neque</span> <span class='ocrx_word' id='word_1_47' title='bbox 712 818 821 889; x_wconf 87' lang='lat' dir='ltr'>modo</span> <span class='ocrx_word' id='word_1_48' title='bbox 839 818 911 889; x_wconf 89' lang='lat' dir='ltr'>boc</span> <span class='ocrx_word' id='word_1_49' title='bbox 930 820 1123 914; x_wconf 84' lang='lat' dir='ltr'>praecipit,</span> <span class='ocrx_word' id='word_1_50' title='bbox 1148 818 1204 891; x_wconf 86' lang='lat' dir='ltr'>sed</span> <span class='ocrx_word' id='word_1_51' title='bbox 1223 842 1398 912; x_wconf 75' lang='lat' dir='ltr'>praeterm</span> <span class='ocrx_word' id='word_1_52' title='bbox 1417 821 1495 893; x_wconf 75' lang='lat' dir='ltr'>nist</span> 
     </span>
     <span class='ocr_line' id='line_1_7' title="bbox 178 907 1494 1013; baseline 0.002 -28"><span class='ocrx_word' id='word_1_53' title='bbox 178 907 304 987; x_wconf 78' lang='lat' dir='ltr'>fecerit</span> <span class='ocrx_word' id='word_1_54' title='bbox 326 917 599 989; x_wconf 72' lang='lat' dir='ltr'>Damnationem</span> <span class='ocrx_word' id='word_1_55' title='bbox 618 916 785 987; x_wconf 87' lang='lat' dir='ltr'>minatur.</span> <span class='ocrx_word' id='word_1_56' title='bbox 811 914 1054 1009; x_wconf 79' lang='lat' dir='ltr'>AdRera.13.</span> <span class='ocrx_word' id='word_1_57' title='bbox 1078 917 1265 1013; x_wconf 79' lang='lat' dir='ltr'>Quicquid</span> <span class='ocrx_word' id='word_1_58' title='bbox 1281 941 1494 1011; x_wconf 75' lang='lat' dir='ltr'>ergoman-</span> 
     </span>
     <span class='ocr_line' id='line_1_8' title="bbox 180 1008 1495 1110; baseline 0.003 -27"><span class='ocrx_word' id='word_1_59' title='bbox 180 1008 244 1085; x_wconf 85' lang='lat' dir='ltr'>dat</span> <span class='ocrx_word' id='word_1_60' title='bbox 268 1014 462 1108; x_wconf 74' lang='lat' dir='ltr'>Princeps,</span> <span class='ocrx_word' id='word_1_61' title='bbox 489 1011 524 1082; x_wconf 92' lang='lat' dir='ltr'>id</span> <span class='ocrx_word' id='word_1_62' title='bbox 544 1009 652 1084; x_wconf 76' lang='lat' dir='ltr'>faciat</span> <span class='ocrx_word' id='word_1_63' title='bbox 669 1034 838 1109; x_wconf 81' lang='lat' dir='ltr'>oportet,</span> <span class='ocrx_word' id='word_1_64' title='bbox 863 1016 945 1108; x_wconf 85' lang='lat' dir='ltr'>quia</span> <span class='ocrx_word' id='word_1_65' title='bbox 965 1014 1012 1084; x_wconf 87' lang='lat' dir='ltr'>tic</span> <span class='ocrx_word' id='word_1_66' title='bbox 1031 1019 1202 1110; x_wconf 85' lang='lat' dir='ltr'>praecipit</span> <span class='ocrx_word' id='word_1_67' title='bbox 1222 1016 1344 1104; x_wconf 77' lang='lat' dir='ltr'>Deus,</span> <span class='ocrx_word' id='word_1_68' title='bbox 1371 1015 1495 1087; x_wconf 89' lang='lat' dir='ltr'>modo</span> 
     </span>
     <span class='ocr_line' id='line_1_9' title="bbox 159 1109 1498 1205; baseline 0.004 -26"><span class='ocrx_word' id='word_1_69' title='bbox 159 1109 272 1202; x_wconf 28' lang='lat' dir='ltr'>,nihil</span> <span class='ocrx_word' id='word_1_70' title='bbox 298 1113 441 1183; x_wconf 75' lang='lat' dir='ltr'>mundet</span> <span class='ocrx_word' id='word_1_71' title='bbox 466 1127 593 1180; x_wconf 78' lang='lat' dir='ltr'>contra</span> <span class='ocrx_word' id='word_1_72' title='bbox 620 1109 756 1181; x_wconf 88' lang='lat' dir='ltr'>Deum.</span> <span class='ocrx_word' id='word_1_73' title='bbox 799 1111 933 1205; x_wconf 84' lang='lat' dir='ltr'>Neque</span> <span class='ocrx_word' id='word_1_74' title='bbox 959 1111 1011 1181; x_wconf 87' lang='lat' dir='ltr'>illi</span> <span class='ocrx_word' id='word_1_75' title='bbox 1034 1134 1096 1184; x_wconf 77' lang='lat' dir='ltr'>tut</span> <span class='ocrx_word' id='word_1_76' title='bbox 1116 1113 1265 1197; x_wconf 89' lang='lat' dir='ltr'>Verbo,</span> <span class='ocrx_word' id='word_1_77' title='bbox 1290 1132 1350 1181; x_wconf 84' lang='lat' dir='ltr'>:rut</span> <span class='ocrx_word' id='word_1_78' title='bbox 1371 1109 1498 1185; x_wconf 63' lang='lat' dir='ltr'>Fauo</span> 
     </span>
     <span class='ocr_line' id='line_1_10' title="bbox 181 1203 1499 1304; baseline 0.004 -28"><span class='ocrx_word' id='word_1_79' title='bbox 181 1203 410 1280; x_wconf 80' lang='lat' dir='ltr'>refistendum</span> <span class='ocrx_word' id='word_1_80' title='bbox 429 1205 502 1292; x_wconf 83' lang='lat' dir='ltr'>est,</span> <span class='ocrx_word' id='word_1_81' title='bbox 526 1208 608 1296; x_wconf 86' lang='lat' dir='ltr'>quia</span> <span class='ocrx_word' id='word_1_82' title='bbox 628 1208 844 1279; x_wconf 84' lang='lat' dir='ltr'>Potestatem</span> <span class='ocrx_word' id='word_1_83' title='bbox 863 1207 1106 1280; x_wconf 82' lang='lat' dir='ltr'>habetaDeo.</span> <span class='ocrx_word' id='word_1_84' title='bbox 1133 1210 1184 1280; x_wconf 79' lang='lat' dir='ltr'>Et</span> <span class='ocrx_word' id='word_1_85' title='bbox 1202 1212 1263 1298; x_wconf 88' lang='lat' dir='ltr'>qui</span> <span class='ocrx_word' id='word_1_86' title='bbox 1283 1212 1315 1278; x_wconf 86' lang='lat' dir='ltr'>ei</span> <span class='ocrx_word' id='word_1_87' title='bbox 1335 1207 1499 1304; x_wconf 77' lang='lat' dir='ltr'>refluit,</span> 
     </span>
     <span class='ocr_line' id='line_1_11' title="bbox 182 1298 1500 1399; baseline 0.003 -23"><span class='ocrx_word' id='word_1_88' title='bbox 182 1302 255 1377; x_wconf 84' lang='lat' dir='ltr'>Dei</span> <span class='ocrx_word' id='word_1_89' title='bbox 274 1303 439 1398; x_wconf 85' lang='lat' dir='ltr'>potestati</span> <span class='ocrx_word' id='word_1_90' title='bbox 459 1298 586 1372; x_wconf 79' lang='lat' dir='ltr'>resistit</span> <span class='ocrx_word' id='word_1_91' title='bbox 604 1304 737 1394; x_wconf 89' lang='lat' dir='ltr'>(inquit</span> <span class='ocrx_word' id='word_1_92' title='bbox 754 1300 964 1397; x_wconf 79' lang='lat' dir='ltr'>Apostolus)</span> <span class='ocrx_word' id='word_1_93' title='bbox 984 1329 1096 1399; x_wconf 83' lang='lat' dir='ltr'>aquo</span> <span class='ocrx_word' id='word_1_94' title='bbox 1108 1306 1319 1398; x_wconf 81' lang='lat' dir='ltr'>potestatem</span> <span class='ocrx_word' id='word_1_95' title='bbox 1331 1311 1500 1398; x_wconf 89' lang='lat' dir='ltr'>accepit.</span> 
     </span>
     <span class='ocr_line' id='line_1_12' title="bbox 184 1395 1498 1498; baseline 0.005 -26"><span class='ocrx_word' id='word_1_96' title='bbox 184 1396 237 1474; x_wconf 84' lang='lat' dir='ltr'>Et</span> <span class='ocrx_word' id='word_1_97' title='bbox 255 1403 316 1495; x_wconf 90' lang='lat' dir='ltr'>qui</span> <span class='ocrx_word' id='word_1_98' title='bbox 337 1401 389 1473; x_wconf 84' lang='lat' dir='ltr'>iili</span> <span class='ocrx_word' id='word_1_99' title='bbox 408 1395 558 1490; x_wconf 79' lang='lat' dir='ltr'>resistit,</span> <span class='ocrx_word' id='word_1_100' title='bbox 579 1396 642 1471; x_wconf 79' lang='lat' dir='ltr'>fibi</span> <span class='ocrx_word' id='word_1_101' title='bbox 664 1401 942 1475; x_wconf 75' lang='lat' dir='ltr'>Damnationem</span> <span class='ocrx_word' id='word_1_102' title='bbox 961 1404 1138 1497; x_wconf 84' lang='lat' dir='ltr'>acquirit,</span> <span class='ocrx_word' id='word_1_103' title='bbox 1155 1404 1274 1498; x_wconf 91' lang='lat' dir='ltr'>inquit</span> <span class='ocrx_word' id='word_1_104' title='bbox 1292 1404 1400 1473; x_wconf 90' lang='lat' dir='ltr'>idem.</span> <span class='ocrx_word' id='word_1_105' title='bbox 1427 1405 1498 1478; x_wconf 83' lang='lat'>0!</span> 
     </span>
     <span class='ocr_line' id='line_1_13' title="bbox 183 1498 1500 1596; baseline 0.003 -28"><span class='ocrx_word' id='word_1_106' title='bbox 183 1517 220 1568; x_wconf 88' lang='lat' dir='ltr'>m</span> <span class='ocrx_word' id='word_1_107' title='bbox 270 1520 356 1570; x_wconf 90' lang='lat' dir='ltr'>num</span> <span class='ocrx_word' id='word_1_108' title='bbox 375 1498 627 1592; x_wconf 72' lang='lat' dir='ltr'>Praeceptum,</span> <span class='ocrx_word' id='word_1_109' title='bbox 644 1498 738 1572; x_wconf 87' lang='lat' dir='ltr'>&amp;ab</span> <span class='ocrx_word' id='word_1_110' title='bbox 755 1500 921 1574; x_wconf 74' lang='lat' dir='ltr'>omnibus</span> <span class='ocrx_word' id='word_1_111' title='bbox 935 1499 1306 1575; x_wconf 83' lang='lat' dir='ltr'>observandiffimum!</span> <span class='ocrx_word' id='word_1_112' title='bbox 1337 1501 1375 1572; x_wconf 88' lang='lat' dir='ltr'>Si</span> <span class='ocrx_word' id='word_1_113' title='bbox 1386 1523 1500 1596; x_wconf 89' lang='lat' dir='ltr'>vero,</span> 
     </span>
     <span class='ocr_line' id='line_1_14' title="bbox 184 1596 1500 1693; baseline 0.003 -27"><span class='ocrx_word' id='word_1_114' title='bbox 184 1611 227 1666; x_wconf 87' lang='lat' dir='ltr'>ut</span> <span class='ocrx_word' id='word_1_115' title='bbox 257 1617 379 1687; x_wconf 85' lang='lat' dir='ltr'>ervet,</span> <span class='ocrx_word' id='word_1_116' title='bbox 398 1619 469 1667; x_wconf 89' lang='lat' dir='ltr'>non</span> <span class='ocrx_word' id='word_1_117' title='bbox 488 1596 656 1668; x_wconf 82' lang='lat' dir='ltr'>admonet</span> <span class='ocrx_word' id='word_1_118' title='bbox 677 1597 747 1669; x_wconf 89' lang='lat' dir='ltr'>Dei</span> <span class='ocrx_word' id='word_1_119' title='bbox 763 1601 900 1688; x_wconf 85' lang='lat' dir='ltr'>Amor,</span> <span class='ocrx_word' id='word_1_120' title='bbox 920 1620 1063 1669; x_wconf 83' lang='lat' dir='ltr'>aeternae</span> <span class='ocrx_word' id='word_1_121' title='bbox 1077 1598 1500 1693; x_wconf 78' lang='lat' dir='ltr'>Damnationistimore,</span> 
     </span>
     <span class='ocr_line' id='line_1_15' title="bbox 184 1688 1501 1788; baseline -0.001 -23"><span class='ocrx_word' id='word_1_122' title='bbox 184 1688 251 1766; x_wconf 82' lang='lat' dir='ltr'>nifi</span> <span class='ocrx_word' id='word_1_123' title='bbox 268 1689 563 1788; x_wconf 78' lang='lat' dir='ltr'>deploratiffimut</span> <span class='ocrx_word' id='word_1_124' title='bbox 580 1691 710 1780; x_wconf 81' lang='lat' dir='ltr'>fuerit,</span> <span class='ocrx_word' id='word_1_125' title='bbox 739 1691 892 1764; x_wconf 83' lang='lat' dir='ltr'>servabit</span> <span class='ocrx_word' id='word_1_126' title='bbox 936 1694 1025 1764; x_wconf 85' lang='lat' dir='ltr'>lane.</span> <span class='ocrx_word' id='word_1_127' title='bbox 1060 1696 1147 1763; x_wconf 90' lang='lat' dir='ltr'>Hoc</span> <span class='ocrx_word' id='word_1_128' title='bbox 1165 1696 1216 1762; x_wconf 85' lang='lat' dir='ltr'>est</span> <span class='ocrx_word' id='word_1_129' title='bbox 1237 1699 1501 1788; x_wconf 69' lang='lat' dir='ltr'>Praeceptum,</span> 
     </span>
    </p>

    <p class='ocr_par' dir='ltr' id='par_1_3' title="bbox 186 1788 1503 2078">
     <span class='ocr_line' id='line_1_16' title="bbox 211 1788 1503 1882; baseline -0.005 -19"><span class='ocrx_word' id='word_1_130' title='bbox 211 1791 283 1863; x_wconf 87' lang='lat' dir='ltr'>uod</span> <span class='ocrx_word' id='word_1_131' title='bbox 308 1812 352 1861; x_wconf 84' lang='lat' dir='ltr'>ex</span> <span class='ocrx_word' id='word_1_132' title='bbox 378 1789 565 1862; x_wconf 82' lang='lat' dir='ltr'>voluntate</span> <span class='ocrx_word' id='word_1_133' title='bbox 583 1811 645 1862; x_wconf 85' lang='lat' dir='ltr'>tua</span> <span class='ocrx_word' id='word_1_134' title='bbox 661 1788 815 1882; x_wconf 86' lang='lat' dir='ltr'>pendet,</span> <span class='ocrx_word' id='word_1_135' title='bbox 840 1807 882 1861; x_wconf 88' lang='lat' dir='ltr'>ut</span> <span class='ocrx_word' id='word_1_136' title='bbox 958 1790 1019 1857; x_wconf 80' lang='lat' dir='ltr'>iar.</span> <span class='ocrx_word' id='word_1_137' title='bbox 1064 1788 1169 1856; x_wconf 82' lang='lat' dir='ltr'>Potes</span> <span class='ocrx_word' id='word_1_138' title='bbox 1187 1790 1282 1856; x_wconf 87' lang='lat' dir='ltr'>enim</span> <span class='ocrx_word' id='word_1_139' title='bbox 1303 1789 1337 1855; x_wconf 90' lang='lat' dir='ltr'>id</span> <span class='ocrx_word' id='word_1_140' title='bbox 1359 1788 1503 1865; x_wconf 75' lang='lat' dir='ltr'>ficere.</span> 
     </span>
     <span class='ocr_line' id='line_1_17' title="bbox 186 1812 1501 1980; baseline -0.008 -19"><span class='ocrx_word' id='word_1_141' title='bbox 186 1812 239 1961; x_wconf 49' lang='lat' dir='ltr'>{t</span> <span class='ocrx_word' id='word_1_142' title='bbox 264 1883 328 1957; x_wconf 84' lang='lat' dir='ltr'>nist</span> <span class='ocrx_word' id='word_1_143' title='bbox 358 1883 501 1980; x_wconf 90' lang='lat' dir='ltr'>quidem</span> <span class='ocrx_word' id='word_1_144' title='bbox 530 1886 567 1956; x_wconf 90' lang='lat' dir='ltr'>id</span> <span class='ocrx_word' id='word_1_145' title='bbox 585 1884 732 1975; x_wconf 76' lang='lat' dir='ltr'>fecerit,</span> <span class='ocrx_word' id='word_1_146' title='bbox 756 1907 830 1957; x_wconf 92' lang='lat' dir='ltr'>non</span> <span class='ocrx_word' id='word_1_147' title='bbox 848 1881 959 1953; x_wconf 90' lang='lat' dir='ltr'>modo</span> <span class='ocrx_word' id='word_1_148' title='bbox 978 1878 1251 1977; x_wconf 83' lang='lat' dir='ltr'>praesentaneam</span> <span class='ocrx_word' id='word_1_149' title='bbox 1271 1877 1469 1950; x_wconf 60' lang='lat' dir='ltr'>vinditiano</span> <span class='ocrx_word' id='word_1_150' title='bbox 1483 1939 1501 1974; x_wconf 82' lang='lat'>‚</span> 
     </span>
     <span class='ocr_line' id='line_1_18' title="bbox 186 1975 1500 2078; baseline -0.002 -22"><span class='ocrx_word' id='word_1_151' title='bbox 186 2005 232 2056; x_wconf 74' lang='lat' dir='ltr'>ex</span> <span class='ocrx_word' id='word_1_152' title='bbox 258 2003 366 2054; x_wconf 85' lang='lat' dir='ltr'>manu</span> <span class='ocrx_word' id='word_1_153' title='bbox 394 1981 509 2078; x_wconf 76' lang='lat' dir='ltr'>Regis</span> <span class='ocrx_word' id='word_1_154' title='bbox 537 1981 685 2053; x_wconf 81' lang='lat' dir='ltr'>meritus</span> <span class='ocrx_word' id='word_1_155' title='bbox 710 2002 770 2072; x_wconf 79' lang='lat' dir='ltr'>er,</span> <span class='ocrx_word' id='word_1_156' title='bbox 795 1978 974 2054; x_wconf 87' lang='lat' dir='ltr'>sedetiam</span> <span class='ocrx_word' id='word_1_157' title='bbox 995 1998 1185 2069; x_wconf 80' lang='lat' dir='ltr'>tetemam,</span> <span class='ocrx_word' id='word_1_158' title='bbox 1212 1999 1256 2049; x_wconf 84' lang='lat' dir='ltr'>ex</span> <span class='ocrx_word' id='word_1_159' title='bbox 1276 1998 1381 2048; x_wconf 83' lang='lat' dir='ltr'>manu</span> <span class='ocrx_word' id='word_1_160' title='bbox 1402 1975 1500 2053; x_wconf 87' lang='lat' dir='ltr'>Dei.</span> 
     </span>
    </p>
   </div>
   <div class='ocr_carea' id='block_1_2' title="bbox 34 2073 1501 2176">
    <p class='ocr_par' dir='ltr' id='par_1_4' title="bbox 34 2073 1501 2176">
     <span class='ocr_line' id='line_1_19' title="bbox 34 2073 1501 2176; baseline -0.004 -21"><span class='ocrx_word' id='word_1_161' title='bbox 34 2123 35 2126; x_wconf 17' lang='grc' dir='ltr'>π</span> <span class='ocrx_word' id='word_1_162' title='bbox 187 2078 289 2154; x_wconf 84' lang='lat' dir='ltr'>Hinc</span> <span class='ocrx_word' id='word_1_163' title='bbox 316 2079 366 2150; x_wconf 84' lang='lat' dir='ltr'>ait</span> <span class='ocrx_word' id='word_1_164' title='bbox 393 2076 617 2176; x_wconf 75' lang='lat' dir='ltr'>Apostolus,</span> <span class='ocrx_word' id='word_1_165' title='bbox 659 2079 797 2176; x_wconf 79' lang='lat' dir='ltr'>Ideoque</span> <span class='ocrx_word' id='word_1_166' title='bbox 822 2077 987 2172; x_wconf 77' lang='lat' dir='ltr'>Potessatr&#39;</span> <span class='ocrx_word' id='word_1_167' title='bbox 1002 2078 1134 2170; x_wconf 83' lang='lat' dir='ltr'>subditi</span> <span class='ocrx_word' id='word_1_168' title='bbox 1159 2073 1277 2170; x_wconf 79' lang='lat' dir='ltr'>estote,</span> <span class='ocrx_word' id='word_1_169' title='bbox 1311 2099 1373 2146; x_wconf 87' lang='lat' dir='ltr'>nnn</span> <span class='ocrx_word' id='word_1_170' title='bbox 1399 2078 1501 2149; x_wconf 86' lang='lat' dir='ltr'>modo</span> 
     </span>
    </p>
   </div>
   <div class='ocr_carea' id='block_1_3' title="bbox 182 2172 1511 4015">
    <p class='ocr_par' dir='ltr' id='par_1_5' title="bbox 182 2172 1508 4015">
     <span class='ocr_line' id='line_1_20' title="bbox 182 2172 1504 2276; baseline -0.004 -26"><span class='ocrx_word' id='word_1_171' title='bbox 182 2194 319 2276; x_wconf 74' lang='lat' dir='ltr'>propter</span> <span class='ocrx_word' id='word_1_172' title='bbox 342 2183 453 2270; x_wconf 85' lang='lat' dir='ltr'>iram,</span> <span class='ocrx_word' id='word_1_173' title='bbox 486 2176 570 2273; x_wconf 82' lang='lat' dir='ltr'>quin</span> <span class='ocrx_word' id='word_1_174' title='bbox 594 2174 628 2249; x_wconf 87' lang='lat' dir='ltr'>se</span> <span class='ocrx_word' id='word_1_175' title='bbox 652 2174 772 2273; x_wconf 88' lang='lat' dir='ltr'>potest</span> <span class='ocrx_word' id='word_1_176' title='bbox 796 2173 979 2249; x_wconf 78' lang='lat' dir='ltr'>vindicare</span> <span class='ocrx_word' id='word_1_177' title='bbox 1002 2175 1047 2248; x_wconf 87' lang='lat' dir='ltr'>de</span> <span class='ocrx_word' id='word_1_178' title='bbox 1072 2193 1132 2263; x_wconf 89' lang='lat' dir='ltr'>te,</span> <span class='ocrx_word' id='word_1_179' title='bbox 1158 2172 1220 2269; x_wconf 86' lang='lat' dir='ltr'>sed</span> <span class='ocrx_word' id='word_1_180' title='bbox 1242 2179 1345 2244; x_wconf 82' lang='lat' dir='ltr'>etiarn</span> <span class='ocrx_word' id='word_1_181' title='bbox 1357 2188 1504 2263; x_wconf 75' lang='lat' dir='ltr'>propter</span> 
     </span>
     <span class='ocr_line' id='line_1_21' title="bbox 190 2268 1502 2372; baseline -0.009 -20"><span class='ocrx_word' id='word_1_182' title='bbox 190 2276 450 2372; x_wconf 79' lang='lat' dir='ltr'>Conscientiam,</span> <span class='ocrx_word' id='word_1_183' title='bbox 476 2277 558 2368; x_wconf 83' lang='lat' dir='ltr'>quia</span> <span class='ocrx_word' id='word_1_184' title='bbox 575 2275 802 2372; x_wconf 79' lang='lat' dir='ltr'>Praeceptum</span> <span class='ocrx_word' id='word_1_185' title='bbox 823 2273 896 2346; x_wconf 91' lang='lat' dir='ltr'>Dei</span> <span class='ocrx_word' id='word_1_186' title='bbox 911 2271 976 2348; x_wconf 87' lang='lat' dir='ltr'>est.</span> <span class='ocrx_word' id='word_1_187' title='bbox 1002 2272 1054 2346; x_wconf 85' lang='lat' dir='ltr'>Et</span> <span class='ocrx_word' id='word_1_188' title='bbox 1072 2273 1134 2366; x_wconf 92' lang='lat' dir='ltr'>qui</span> <span class='ocrx_word' id='word_1_189' title='bbox 1153 2272 1228 2367; x_wconf 86' lang='lat' dir='ltr'>agit</span> <span class='ocrx_word' id='word_1_190' title='bbox 1246 2290 1372 2341; x_wconf 87' lang='lat' dir='ltr'>contra</span> <span class='ocrx_word' id='word_1_191' title='bbox 1390 2268 1502 2341; x_wconf 89' lang='lat' dir='ltr'>Con·</span> 
     </span>
     <span class='ocr_line' id='line_1_22' title="bbox 189 2370 1504 2467; baseline -0.006 -17"><span class='ocrx_word' id='word_1_192' title='bbox 189 2371 396 2465; x_wconf 82' lang='lat' dir='ltr'>scientium,</span> <span class='ocrx_word' id='word_1_193' title='bbox 430 2371 589 2448; x_wconf 83' lang='lat' dir='ltr'>aedifrcut</span> <span class='ocrx_word' id='word_1_194' title='bbox 608 2372 652 2446; x_wconf 83' lang='lat' dir='ltr'>nd</span> <span class='ocrx_word' id='word_1_195' title='bbox 670 2372 897 2446; x_wconf 86' lang='lat' dir='ltr'>Gebennam.</span> <span class='ocrx_word' id='word_1_196' title='bbox 940 2372 1006 2444; x_wconf 86' lang='lat' dir='ltr'>Vir</span> <span class='ocrx_word' id='word_1_197' title='bbox 1021 2395 1096 2467; x_wconf 84' lang='lat' dir='ltr'>ergo</span> <span class='ocrx_word' id='word_1_198' title='bbox 1112 2393 1176 2443; x_wconf 83' lang='lat' dir='ltr'>non</span> <span class='ocrx_word' id='word_1_199' title='bbox 1192 2372 1306 2441; x_wconf 84' lang='lat' dir='ltr'>tinere</span> <span class='ocrx_word' id='word_1_200' title='bbox 1324 2370 1504 2460; x_wconf 83' lang='lat' dir='ltr'>Principis</span> 
     </span>
     <span class='ocr_line' id='line_1_23' title="bbox 191 2463 1503 2563; baseline -0.008 -16"><span class='ocrx_word' id='word_1_201' title='bbox 191 2473 314 2548; x_wconf 82' lang='lat' dir='ltr'><em>Iram?</em></span> <span class='ocrx_word' id='word_1_202' title='bbox 339 2472 524 2546; x_wconf 79' lang='lat' dir='ltr'>Obedienr</span> <span class='ocrx_word' id='word_1_203' title='bbox 541 2472 640 2563; x_wconf 86' lang='lat' dir='ltr'>esto,</span> <span class='ocrx_word' id='word_1_204' title='bbox 667 2473 703 2545; x_wconf 69' lang='grc' dir='ltr'>ὃ(</span> <span class='ocrx_word' id='word_1_205' title='bbox 724 2469 856 2542; x_wconf 84' lang='lat' dir='ltr'>mnium</span> <span class='ocrx_word' id='word_1_206' title='bbox 875 2491 921 2542; x_wconf 92' lang='lat' dir='ltr'>ne</span> <span class='ocrx_word' id='word_1_207' title='bbox 935 2467 1062 2544; x_wconf 85' lang='lat' dir='ltr'>facito.</span> <span class='ocrx_word' id='word_1_208' title='bbox 1088 2469 1127 2542; x_wconf 91' lang='lat' dir='ltr'>Si</span> <span class='ocrx_word' id='word_1_209' title='bbox 1143 2469 1238 2540; x_wconf 92' lang='lat' dir='ltr'>enitu</span> <span class='ocrx_word' id='word_1_210' title='bbox 1257 2486 1330 2534; x_wconf 93' lang='lat' dir='ltr'>non</span> <span class='ocrx_word' id='word_1_211' title='bbox 1348 2463 1503 2537; x_wconf 88' lang='lat' dir='ltr'>obedie-</span> 
     </span>
     <span class='ocr_line' id='line_1_24' title="bbox 193 2567 1505 2768; baseline -0.012 -25"><span class='ocrx_word' id='word_1_212' title='bbox 193 2567 801 2761; x_wconf 44' lang='lat' dir='ltr'>tttqgttqlqtcmliqqtt.abltla¹tgtctgqltruet</span> <span class='ocrx_word' id='word_1_213' title='bbox 818 2586 996 2758; x_wconf 50' lang='lat' dir='ltr'>{tlffiipg</span> <span class='ocrx_word' id='word_1_214' title='bbox 1020 2660 1277 2768; x_wconf 34' lang='lat' dir='ltr'>inobedientes.</span> <span class='ocrx_word' id='word_1_215' title='bbox 1293 2656 1505 2752; x_wconf 87' lang='lat' dir='ltr'>afficiendi,</span> 
     </span>
     <span class='ocr_line' id='line_1_25' title="bbox 193 2753 1508 2860; baseline -0.008 -22"><span class='ocrx_word' id='word_1_216' title='bbox 193 2767 365 2839; x_wconf 84' lang='lat' dir='ltr'>eximitur</span> <span class='ocrx_word' id='word_1_217' title='bbox 390 2765 530 2858; x_wconf 82' lang='lat' dir='ltr'>prorsus</span> <span class='ocrx_word' id='word_1_218' title='bbox 556 2787 684 2853; x_wconf 88' lang='lat' dir='ltr'>nemo,</span> <span class='ocrx_word' id='word_1_219' title='bbox 718 2763 856 2833; x_wconf 90' lang='lat' dir='ltr'>nullum</span> <span class='ocrx_word' id='word_1_220' title='bbox 874 2783 986 2858; x_wconf 74' lang='lat' dir='ltr'>genus</span> <span class='ocrx_word' id='word_1_221' title='bbox 1006 2761 1217 2846; x_wconf 90' lang='lat' dir='ltr'>hominum,</span> <span class='ocrx_word' id='word_1_222' title='bbox 1243 2755 1307 2825; x_wconf 84' lang='lat' dir='ltr'>nrfi</span> <span class='ocrx_word' id='word_1_223' title='bbox 1327 2777 1417 2860; x_wconf 66' lang='lat' dir='ltr'>quoe</span> <span class='ocrx_word' id='word_1_224' title='bbox 1436 2753 1508 2827; x_wconf 90' lang='lat' dir='ltr'>suo</span> 
     </span>
     <span class='ocr_line' id='line_1_26' title="bbox 195 2846 1506 2950; baseline -0.019 -14"><span class='ocrx_word' id='word_1_225' title='bbox 195 2862 381 2936; x_wconf 75' lang='lat' dir='ltr'>donaverit</span> <span class='ocrx_word' id='word_1_226' title='bbox 399 2859 591 2930; x_wconf 86' lang='lat' dir='ltr'>beneficio.</span> <span class='ocrx_word' id='word_1_227' title='bbox 633 2854 855 2950; x_wconf 84' lang='lat' dir='ltr'>Quict&#39;tnque</span> <span class='ocrx_word' id='word_1_228' title='bbox 870 2878 959 2950; x_wconf 88' lang='lat' dir='ltr'>ergo</span> <span class='ocrx_word' id='word_1_229' title='bbox 977 2856 1006 2922; x_wconf 86' lang='lat' dir='ltr'>is</span> <span class='ocrx_word' id='word_1_230' title='bbox 1023 2855 1097 2945; x_wconf 85' lang='lat' dir='ltr'>est,</span> <span class='ocrx_word' id='word_1_231' title='bbox 1122 2853 1184 2947; x_wconf 90' lang='lat' dir='ltr'>qui</span> <span class='ocrx_word' id='word_1_232' title='bbox 1202 2872 1275 2922; x_wconf 90' lang='lat' dir='ltr'>non</span> <span class='ocrx_word' id='word_1_233' title='bbox 1293 2846 1372 2918; x_wconf 89' lang='lat' dir='ltr'>vult</span> <span class='ocrx_word' id='word_1_234' title='bbox 1391 2867 1506 2923; x_wconf 81' lang='lat' dir='ltr'>time.</span> 
     </span>
     <span class='ocr_line' id='line_1_27' title="bbox 194 2947 1505 3054; baseline -0.008 -23"><span class='ocrx_word' id='word_1_235' title='bbox 194 2984 232 3031; x_wconf 92' lang='lat' dir='ltr'>re</span> <span class='ocrx_word' id='word_1_236' title='bbox 258 2958 439 3054; x_wconf 89' lang='lat' dir='ltr'>gladium,</span> <span class='ocrx_word' id='word_1_237' title='bbox 466 2957 562 3047; x_wconf 86' lang='lat' dir='ltr'>Regi</span> <span class='ocrx_word' id='word_1_238' title='bbox 591 2953 628 3022; x_wconf 75' lang='grc' dir='ltr'>δι</span> <span class='ocrx_word' id='word_1_239' title='bbox 653 2955 731 3044; x_wconf 76' lang='lat' dir='ltr'>ejus</span> <span class='ocrx_word' id='word_1_240' title='bbox 750 2949 914 3045; x_wconf 81' lang='lat' dir='ltr'>Legibus</span> <span class='ocrx_word' id='word_1_241' title='bbox 932 2948 1089 3019; x_wconf 87' lang='lat' dir='ltr'>obediat.</span> <span class='ocrx_word' id='word_1_242' title='bbox 1134 2950 1197 3022; x_wconf 90' lang='lat' dir='ltr'>Sin</span> <span class='ocrx_word' id='word_1_243' title='bbox 1214 2965 1358 3034; x_wconf 85' lang='lat' dir='ltr'>autem,</span> <span class='ocrx_word' id='word_1_244' title='bbox 1388 2947 1505 3042; x_wconf 91' lang='lat' dir='ltr'>time,</span> 
     </span>
     <span class='ocr_line' id='line_1_28' title="bbox 195 3044 1506 3149; baseline -0.006 -25"><span class='ocrx_word' id='word_1_245' title='bbox 195 3054 278 3149; x_wconf 86' lang='lat' dir='ltr'>quin</span> <span class='ocrx_word' id='word_1_246' title='bbox 298 3049 506 3145; x_wconf 80' lang='lat' dir='ltr'>potestatem</span> <span class='ocrx_word' id='word_1_247' title='bbox 528 3044 633 3119; x_wconf 86' lang='lat' dir='ltr'>habet</span> <span class='ocrx_word' id='word_1_248' title='bbox 651 3070 671 3118; x_wconf 85' lang='lat' dir='ltr'>a</span> <span class='ocrx_word' id='word_1_249' title='bbox 687 3047 768 3118; x_wconf 91' lang='lat' dir='ltr'>Deo</span> <span class='ocrx_word' id='word_1_250' title='bbox 780 3046 969 3140; x_wconf 87' lang='lat' dir='ltr'>Princeps,</span> <span class='ocrx_word' id='word_1_251' title='bbox 986 3047 1022 3115; x_wconf 86' lang='lat' dir='ltr'>in</span> <span class='ocrx_word' id='word_1_252' title='bbox 1039 3048 1098 3117; x_wconf 85' lang='lat' dir='ltr'>hoc</span> <span class='ocrx_word' id='word_1_253' title='bbox 1115 3046 1241 3140; x_wconf 84' lang='lat' dir='ltr'>ipsum,</span> <span class='ocrx_word' id='word_1_254' title='bbox 1262 3049 1318 3132; x_wconf 87' lang='lat' dir='ltr'>(ut</span> <span class='ocrx_word' id='word_1_255' title='bbox 1336 3046 1383 3115; x_wconf 87' lang='lat' dir='ltr'>nit</span> <span class='ocrx_word' id='word_1_256' title='bbox 1397 3047 1506 3138; x_wconf 82' lang='lat' dir='ltr'>Apo·</span> 
     </span>
     <span class='ocr_line' id='line_1_29' title="bbox 196 3141 1504 3246; baseline -0.005 -23"><span class='ocrx_word' id='word_1_257' title='bbox 196 3150 320 3237; x_wconf 80' lang='lat' dir='ltr'>stolus)</span> <span class='ocrx_word' id='word_1_258' title='bbox 348 3150 425 3246; x_wconf 87' lang='lat' dir='ltr'>qnia</span> <span class='ocrx_word' id='word_1_259' title='bbox 455 3143 611 3240; x_wconf 79' lang='lat' dir='ltr'>Minister</span> <span class='ocrx_word' id='word_1_260' title='bbox 636 3145 707 3218; x_wconf 86' lang='lat' dir='ltr'>Dei</span> <span class='ocrx_word' id='word_1_261' title='bbox 725 3143 791 3238; x_wconf 79' lang='lat' dir='ltr'>est,</span> <span class='ocrx_word' id='word_1_262' title='bbox 816 3161 858 3214; x_wconf 91' lang='lat' dir='ltr'>ut</span> <span class='ocrx_word' id='word_1_263' title='bbox 876 3141 1120 3215; x_wconf 88' lang='lat' dir='ltr'>inobedientes</span> <span class='ocrx_word' id='word_1_264' title='bbox 1139 3145 1175 3214; x_wconf 70' lang='grc' dir='ltr'>ἃ</span> <span class='ocrx_word' id='word_1_265' title='bbox 1195 3142 1305 3211; x_wconf 86' lang='lat' dir='ltr'>malos</span> <span class='ocrx_word' id='word_1_266' title='bbox 1324 3165 1504 3216; x_wconf 83' lang='lat' dir='ltr'>coerceat.</span> 
     </span>
     <span class='ocr_line' id='line_1_30' title="bbox 197 3240 1505 3346; baseline -0.01 -23"><span class='ocrx_word' id='word_1_267' title='bbox 197 3250 259 3346; x_wconf 74' lang='lat' dir='ltr'>Est</span> <span class='ocrx_word' id='word_1_268' title='bbox 276 3255 360 3325; x_wconf 86' lang='lat' dir='ltr'>enim</span> <span class='ocrx_word' id='word_1_269' title='bbox 378 3246 568 3343; x_wconf 71' lang='lat' dir='ltr'>constituens</span> <span class='ocrx_word' id='word_1_270' title='bbox 585 3245 631 3315; x_wconf 85' lang='lat' dir='ltr'>ad</span> <span class='ocrx_word' id='word_1_271' title='bbox 647 3243 685 3318; x_wconf 89' lang='lat' dir='ltr'><em>V</em></span> <span class='ocrx_word' id='word_1_272' title='bbox 682 3246 841 3318; x_wconf 70' lang='lat' dir='ltr'>indidem</span> <span class='ocrx_word' id='word_1_273' title='bbox 858 3240 1107 3337; x_wconf 74' lang='lat' dir='ltr'>malefaiinrum</span> <span class='ocrx_word' id='word_1_274' title='bbox 1118 3242 1159 3322; x_wconf 60' lang='grc' dir='ltr'>ὅ</span> <span class='ocrx_word' id='word_1_275' title='bbox 1170 3243 1300 3313; x_wconf 84' lang='lat' dir='ltr'>laudem</span> <span class='ocrx_word' id='word_1_276' title='bbox 1311 3242 1505 3333; x_wconf 84' lang='lat' dir='ltr'>Bonorum,</span> 
     </span>
     <span class='ocr_line' id='line_1_31' title="bbox 197 3338 1504 3447; baseline -0.008 -26"><span class='ocrx_word' id='word_1_277' title='bbox 197 3373 287 3447; x_wconf 88' lang='lat' dir='ltr'>quos</span> <span class='ocrx_word' id='word_1_278' title='bbox 307 3368 450 3433; x_wconf 87' lang='lat' dir='ltr'>tuetur,</span> <span class='ocrx_word' id='word_1_279' title='bbox 474 3343 657 3435; x_wconf 83' lang='lat' dir='ltr'>defendit,</span> <span class='ocrx_word' id='word_1_280' title='bbox 677 3338 907 3415; x_wconf 82' lang='lat' dir='ltr'>honorificat.</span> <span class='ocrx_word' id='word_1_281' title='bbox 939 3364 950 3412; x_wconf 92' lang='lat' dir='ltr'>t</span> <span class='ocrx_word' id='word_1_282' title='bbox 968 3344 1045 3412; x_wconf 85' lang='lat' dir='ltr'>Pet.</span> <span class='ocrx_word' id='word_1_283' title='bbox 1069 3363 1101 3410; x_wconf 89' lang='lat'>2.</span> <span class='ocrx_word' id='word_1_284' title='bbox 1129 3339 1177 3410; x_wconf 88' lang='lat' dir='ltr'>Et</span> <span class='ocrx_word' id='word_1_285' title='bbox 1197 3338 1504 3433; x_wconf 88' lang='lat' dir='ltr'>quemadmodum</span> 
     </span>
     <span class='ocr_line' id='line_1_32' title="bbox 198 3435 1505 3543; baseline -0.01 -27"><span class='ocrx_word' id='word_1_286' title='bbox 198 3448 241 3520; x_wconf 81' lang='lat' dir='ltr'>ad</span> <span class='ocrx_word' id='word_1_287' title='bbox 271 3449 347 3543; x_wconf 85' lang='lat' dir='ltr'>ejus</span> <span class='ocrx_word' id='word_1_288' title='bbox 367 3441 543 3517; x_wconf 75' lang='lat' dir='ltr'>Officium</span> <span class='ocrx_word' id='word_1_289' title='bbox 566 3443 743 3536; x_wconf 90' lang='lat' dir='ltr'>pertinet,</span> <span class='ocrx_word' id='word_1_290' title='bbox 770 3441 892 3512; x_wconf 83' lang='lat' dir='ltr'>Bonos</span> <span class='ocrx_word' id='word_1_291' title='bbox 909 3440 945 3512; x_wconf 76' lang='grc' dir='ltr'>ὅ(</span> <span class='ocrx_word' id='word_1_292' title='bbox 968 3439 1104 3510; x_wconf 84' lang='lat' dir='ltr'>Probus</span> <span class='ocrx_word' id='word_1_293' title='bbox 1124 3438 1215 3509; x_wconf 85' lang='lat' dir='ltr'>tueri</span> <span class='ocrx_word' id='word_1_294' title='bbox 1237 3440 1272 3509; x_wconf 70' lang='grc' dir='ltr'>ὃ(</span> <span class='ocrx_word' id='word_1_295' title='bbox 1291 3435 1505 3526; x_wconf 87' lang='lat' dir='ltr'>defendere,</span> 
     </span>
     <span class='ocr_line' id='line_1_33' title="bbox 200 3531 1506 3636; baseline -0.008 -21"><span class='ocrx_word' id='word_1_296' title='bbox 200 3541 247 3617; x_wconf 84' lang='lat' dir='ltr'>stc</span> <span class='ocrx_word' id='word_1_297' title='bbox 276 3542 516 3614; x_wconf 86' lang='lat' dir='ltr'>inobedientes</span> <span class='ocrx_word' id='word_1_298' title='bbox 545 3543 581 3615; x_wconf 73' lang='grc' dir='ltr'>ὅ(</span> <span class='ocrx_word' id='word_1_299' title='bbox 612 3539 883 3636; x_wconf 83' lang='lat' dir='ltr'>immorigeros,</span> <span class='ocrx_word' id='word_1_300' title='bbox 916 3536 1034 3632; x_wconf 85' lang='lat' dir='ltr'>dignis</span> <span class='ocrx_word' id='word_1_301' title='bbox 1061 3536 1180 3628; x_wconf 85' lang='lat' dir='ltr'>poenis</span> <span class='ocrx_word' id='word_1_302' title='bbox 1198 3533 1351 3607; x_wconf 86' lang='lat' dir='ltr'>afficere.</span> <span class='ocrx_word' id='word_1_303' title='bbox 1394 3531 1506 3605; x_wconf 82' lang='lat' dir='ltr'>Hunc</span> 
     </span>
     <span class='ocr_line' id='line_1_34' title="bbox 196 3626 1506 3727; baseline -0.008 -12"><span class='ocrx_word' id='word_1_304' title='bbox 196 3641 414 3714; x_wconf 80' lang='lat' dir='ltr'>Potciintcm</span> <span class='ocrx_word' id='word_1_305' title='bbox 444 3637 704 3709; x_wconf 78' lang='lat' dir='ltr'>hubetaDeo.</span> <span class='ocrx_word' id='word_1_306' title='bbox 739 3637 858 3709; x_wconf 85' lang='lat' dir='ltr'>Palam</span> <span class='ocrx_word' id='word_1_307' title='bbox 879 3631 941 3706; x_wconf 83' lang='lat' dir='ltr'>est.</span> <span class='ocrx_word' id='word_1_308' title='bbox 979 3636 1178 3727; x_wconf 86' lang='lat' dir='ltr'>Scripturae</span> <span class='ocrx_word' id='word_1_309' title='bbox 1199 3626 1506 3705; x_wconf 82' lang='lat' dir='ltr'>manifestaesunt.</span> 
     </span>
     <span class='ocr_line' id='line_1_35' title="bbox 198 3727 1505 3828; baseline -0.011 -15"><span class='ocrx_word' id='word_1_310' title='bbox 198 3738 263 3813; x_wconf 76' lang='lat' dir='ltr'>Est</span> <span class='ocrx_word' id='word_1_311' title='bbox 281 3738 374 3813; x_wconf 88' lang='lat' dir='ltr'>enim</span> <span class='ocrx_word' id='word_1_312' title='bbox 398 3735 557 3808; x_wconf 84' lang='lat' dir='ltr'>Verbum</span> <span class='ocrx_word' id='word_1_313' title='bbox 579 3736 673 3820; x_wconf 87' lang='lat' dir='ltr'>Dei,</span> <span class='ocrx_word' id='word_1_314' title='bbox 692 3758 764 3828; x_wconf 93' lang='lat' dir='ltr'>quo</span> <span class='ocrx_word' id='word_1_315' title='bbox 783 3738 978 3821; x_wconf 88' lang='lat' dir='ltr'>docemur,</span> <span class='ocrx_word' id='word_1_316' title='bbox 998 3754 1039 3804; x_wconf 92' lang='lat' dir='ltr'>ut</span> <span class='ocrx_word' id='word_1_317' title='bbox 1059 3733 1145 3804; x_wconf 90' lang='lat' dir='ltr'>huic</span> <span class='ocrx_word' id='word_1_318' title='bbox 1167 3730 1337 3804; x_wconf 82' lang='lat' dir='ltr'>Potestati</span> <span class='ocrx_word' id='word_1_319' title='bbox 1357 3727 1505 3799; x_wconf 86' lang='lat' dir='ltr'>obedia·</span> 
     </span>
     <span class='ocr_line' id='line_1_36' title="bbox 199 3826 1507 4015; baseline -0.015 -100"><span class='ocrx_word' id='word_1_320' title='bbox 199 3861 289 3915; x_wconf 80' lang='lat' dir='ltr'>mur.</span> <span class='ocrx_word' id='word_1_321' title='bbox 333 3834 530 3911; x_wconf 87' lang='lat' dir='ltr'>Neminem</span> <span class='ocrx_word' id='word_1_322' title='bbox 560 3832 699 3932; x_wconf 85' lang='lat' dir='ltr'>prorsus</span> <span class='ocrx_word' id='word_1_323' title='bbox 726 3835 877 3930; x_wconf 78' lang='lat' dir='ltr'>excipit.</span> <span class='ocrx_word' id='word_1_324' title='bbox 920 3830 1055 3929; x_wconf 89' lang='lat' dir='ltr'>Neque</span> <span class='ocrx_word' id='word_1_325' title='bbox 1081 3832 1119 3905; x_wconf 92' lang='lat' dir='ltr'>in</span> <span class='ocrx_word' id='word_1_326' title='bbox 1143 3829 1246 3905; x_wconf 82' lang='lat' dir='ltr'>sacris</span> <span class='ocrx_word' id='word_1_327' title='bbox 1264 3826 1375 3902; x_wconf 89' lang='lat' dir='ltr'>literis</span> <span class='ocrx_word' id='word_1_328' title='bbox 1394 3846 1507 4015; x_wconf 65' lang='lat' dir='ltr'>mium</span> 
     </span>
    </p>

    <p class='ocr_par' dir='ltr' id='par_1_6' title="bbox 974 3940 1511 3996">
     <span class='ocr_line' id='line_1_37' title="bbox 974 3940 1511 3996; baseline 0.002 0"><span class='ocrx_word' id='word_1_329' title='bbox 974 3969 977 3974; x_wconf 55' lang='grc'>’</span> <span class='ocrx_word' id='word_1_330' title='bbox 1447 3940 1511 3996; x_wconf 68' lang='lat'>012</span> 
     </span>
    </p>
   </div>
   <div class='ocr_carea' id='block_1_4' title="bbox 0 0 1695 4456">
    <p class='ocr_par' dir='ltr' id='par_1_7' title="bbox 0 0 1695 4456">
     <span class='ocr_line' id='line_1_38' title="bbox 0 0 1695 4456; baseline 0 0"><span class='ocrx_word' id='word_1_331' title='bbox 0 0 1695 4456; x_wconf 95' lang='lat' dir='ltr'> </span> 
     </span>
    </p>
   </div>
  </div>
 </body>
</html>
