3322 4456
175 344 345 439 ΜΨ.
518 332 559 411 R
607 330 641 408 E
689 327 733 407 N
781 329 820 405 O
868 327 907 403 V
957 331 990 405 A
1038 327 1077 406 T
1126 328 1158 407 l.
1417 328 1489 422 at,

177 470 303 545 liciole
328 463 492 542 emollire
517 464 625 536 animi
652 461 844 552 duritiem,
879 483 946 532 nec
968 461 1134 558 exiguam
1154 460 1248 558 spem
1268 461 1304 531 in
1324 455 1488 532 futurum

179 569 366 641 ostendere
385 561 568 650 studebat,
595 555 751 631 maxime
769 559 866 656 quod
882 558 1178 631 Melancnthonis
1193 558 1416 654 praesentiam
1432 558 1488 631 his

179 665 267 762 ipsas
284 655 394 735 literis
412 654 532 730 denub
552 656 743 752 flagitaret.

231 775 263 846 ς.
284 758 435 830 ΧΟΙΙΙ.
462 757 512 828 At
540 754 649 845 verb,
685 777 755 826 non
784 751 897 826 solum
925 750 968 824 ab
988 753 1029 825 iis
1048 751 1084 821 in
1103 749 1231 846 quibus
1248 750 1489 827 Protestantea
1597 777 1608 800 ·
1640 785 1643 794 ·

181 853 389 929 consensum
418 853 494 951 ejus
510 851 750 948 expetebant,
779 852 932 923 alienum
952 849 1098 945 gerebat
1121 872 1276 920 animum
1298 851 1405 941 Rex,
1429 849 1488 924 sed

187 955 222 1025 &
238 956 282 1024 A.
300 974 362 1048 ¹53
368 975 402 1035 9.
420 955 462 1022 ad
482 953 617 1044 majora
633 951 796 1046 quaedam
808 952 958 1020 eundem
972 947 1160 1045 inlligabat
1173 951 1258 1017 llux
1273 947 1487 1021 Norlolltiae

186 1051 223 1122 dt
254 1050 473 1122 Gurdinerus
500 1048 695 1141 caeterique
723 1045 901 1140 Papistae,
945 1062 1185 1139 praetexentes
1211 1044 1346 1138 altquid
1372 1046 1486 1138 certi,

184 1147 282 1240 quod
311 1146 432 1217 doceri
459 1145 495 1217 dt
523 1144 635 1239 recipi
658 1142 825 1236 deberet,
852 1140 920 1215 elie
937 1141 1249 1229 constituendum,
1276 1163 1431 1236 eumque
1448 1141 1487 1216 iu

172 1245 293 1316 ¹linem
311 1241 497 1340 seligentes
514 1241 652 1335 aliquot
671 1242 811 1335 capita,
837 1262 918 1336 quae
939 1241 1081 1337 Regem
1102 1263 1169 1335 pro
1185 1239 1276 1310 veris
1295 1237 1422 1311 habere
1439 1259 1488 1312 ex

182 1341 293 1439 ipfius
310 1340 426 1413 Libro
444 1358 571 1412 contra
589 1337 792 1409 Lutherum
814 1341 885 1430 (a),
912 1336 969 1408 vel
987 1339 1152 1427 aliunde,
1177 1333 1346 1409 sciebant.
1431 1404 1434 1410 .

232 1440 294 1515 Sic
313 1438 454 1510 tandem
474 1436 605 1531 prolati
625 1454 712 1506 tunc
731 1437 766 1507 in
785 1436 1048 1507 Parlamentum
1066 1458 1110 1507 ex
1132 1435 1317 1508 voluntate
1334 1428 1490 1529 Regini
1600 1485 1612 1507 .

185 1538 294 1611 Duce
313 1533 556 1625 Nortfolltio,
582 1535 649 1607 Sex
668 1533 719 1604 illi
738 1533 894 1605 celebres
922 1531 1216 1625 ARTlCULl,
1234 1534 1296 1629 qui
1314 1529 1488 1604 summam

184 1633 271 1706 fidei
289 1635 468 1706 Romanae
486 1628 544 1716 (b)
569 1630 825 1722 continebant,
852 1631 888 1705 δι
909 1653 998 1726 quot
1014 1628 1178 1724 equidem
1198 1627 1489 1726 primbail'heo·

184 1732 278 1828 logis
303 1731 417 1804 utrius
445 1725 491 1802 ue
518 1730 626 1824 partis
648 1729 873 1801 ventilandos
900 1727 1145 1825 proponebat,
1181 1725 1237 1801 sed
1261 1751 1348 1800 mox
1367 1744 1489 1800 tamen

182 1830 333 1925 publico
350 1830 386 1902 d.
399 1754 564 1919 zilunii
577 1823 708 1898 Edicto
728 1828 847 1900 addita
866 1825 1488 1923 quoquepoenaecapitalisintrana-
1577 1923 1581 1931 .

173 1927 355 2024 gressores
380 1923 559 1999 sandione
588 1921 810 1997 stabiliebat:
855 1924 939 2017 Qua
964 1927 1000 1996 in
1026 1948 1091 2017 re,
1126 1925 1211 1998 licet
1237 1924 1370 1996 nullam
1394 1944 1489 2017 quo·

182 2049 252 2191 pue
272 2022 459 2097 Pontificis
476 2018 613 2094 fecisset
631 2023 872 2113 mentionem,
892 2041 1080 2118 tantopere
1090 2042 1207 2094 tamen
1218 2023 1325 2118 Papae
1336 2023 1389 2116 (c)
1407 2018 1489 2094 satis

198 2125 291 2204 ecit,
326 2140 368 2190 ut
393 2119 454 2190 ille
481 2118 658 2189 Caesarem
687 2118 729 2188 ad
749 2120 959 2192 imitandum
980 2118 1068 2191 illud
1085 2118 1240 2193 edilium
1261 2122 1489 2212 hortaretur,

184 2215 221 2287 ὃ(
250 2229 291 2283 ut
315 2211 598 2284 Protestantibua
627 2212 864 2307 significaret,
899 2217 988 2285 nihil
1015 2216 1085 2287 illis
1103 2217 1147 2286 ab
1167 2218 1330 2288 Henrico
1348 2217 1490 2310 speran-

182 2313 269 2384 dum
295 2307 390 2400 etse,
433 2305 718 2381 emendationem
747 2329 875 2403 nempe
902 2311 938 2382 ὅ(
965 2311 1257 2383 conciliationem
1284 2336 1367 2385 curn
1395 2313 1491 2406 Papa
1568 2288 1615 2482 ί

183 2407 399 2482 meditante:
436 2400 695 2478 Affirmabatur
720 2426 837 2478 autem
859 2405 927 2479 illis
943 2405 1115 2478 articulis.
1154 2405 1492 2481 r.Postconiecra·
1589 2424 1608 2459 ‘³
1654 2427 1657 2431 ·

182 2508 318 2579 tionem
347 2499 630 2577 Eucharisticam
657 2502 747 2574 nihil
774 2527 952 2577 remanere
979 2505 1078 2595 panis
1104 2504 1142 2577 δε
1168 2504 1266 2595 vini,
1291 2502 1348 2576 scd
1368 2502 1429 2574 sub
1448 2527 1490 2582 ea

180 2603 300 2702 lpecie
324 2625 443 2674 veram
471 2600 634 2696 corporis
662 2601 699 2675 &
726 2600 781 2673 san
811 2603 903 2672 uinis
931 2600 1068 2675 Christi
1094 2599 1320 2674 substantiam
1350 2602 1489 2692 latere,

181 2723 217 2774 2.
245 2700 337 2774 Non
361 2697 434 2772 eise
460 2697 690 2772 necellarium
718 2700 755 2771 in
784 2624 1027 2792 {acharistim
1063 2721 1195 2794 praeter
1223 2722 1348 2797 panem
1367 2699 1492 2775 calicia

181 2799 296 2874 usum.
343 2818 373 2892 3.
400 2795 578 2870 Ordinem
598 2794 826 2870 ¹sacerdotum
849 2797 978 2871 debere
996 2795 1016 2868 a
1035 2796 1276 2871 Matrimonio
1294 2794 1492 2894 abstinere,

181 2918 289 2995 atque
306 2892 396 2969 adeo
416 2915 533 2969 morte
552 2890 798 2988 muldiandos,
818 2894 843 2968 fi
861 2896 922 2994 qui
938 2919 1063 2968 eorum
1080 2895 1247 2993 deinceps
1262 2919 1411 2970 uxorem
1428 2896 1493 2970 ha·

179 2995 308 3070 herent
321 2996 358 3069 &
375 2992 502 3066 habere
520 2992 793 3089 perseverarent.
833 3019 870 3086 4.
893 2993 1033 3066 Votum
1054 2995 1247 3068 coelibatus
1265 2994 1491 3071 servandum.

183 3115 219 3187 5.
244 3091 369 3165 Missas
387 3094 541 3186 privatas
559 3115 704 3190 quoque
722 3090 819 3166 redd
838 3094 874 3165 ὃ(
895 3093 1034 3165 utiliter
1051 3093 1239 3166 celebrari.
1273 3104 1308 3167 6.
1334 3092 1491 3166 Conseri

183 3188 317 3260 fiunem
345 3209 601 3287 pcccatorum,
627 3213 708 3282 quae
727 3190 869 3262 leorsrm
889 3191 950 3261 uni
969 3189 1035 3262 fiat
1053 3189 1250 3280 sacerdoti,
1275 3187 1408 3263 didiam
1427 3212 1491 3264 au·

180 3285 393 3379 ricularem,
420 3284 644 3360 neceffariam
664 3285 732 3358 effe
750 3312 791 3359 ac
811 3288 1029 3360 retinendam
1050 3288 1085 3358 in
1105 3285 1278 3361 Ecclefia.
1421 3340 1425 3348 .

229 3383 341 3459 Hisce
376 3383 606 3483 dogmatibus
642 3384 677 3455 in
709 3384 934 3456 Parlamento
963 3389 1092 3458 acriter
1117 3384 1151 3458 se
1177 3382 1349 3483 opposuit
1374 3384 1491 3460 Craa·
1560 3387 1588 3483 ζ
1634 3408 1638 3415 ·

181 3505 321 3579 merus,
340 3482 414 3583 ipse
430 3506 625 3582 uxoratus,
642 3482 700 3556 scd
719 3481 780 3580 qui
797 3500 888 3653 grac
906 3504 1057 3558 uxorem
1075 3480 1377 3581 in'Germauiam,
1396 3483 1492 3656 unld¹e

688 3604 690 3606 ·
853 3605 877 3653 o
1430 3606 1443 3655 r
1472 3604 1493 3656 a

224 3741 275 3820 (a)
297 3739 523 3810 PERIZON.
547 3744 628 3814 Hill.
652 3744 725 3814 sec.
743 3744 843 3814 XVl.
866 3766 934 3834 pag.
953 3764 1024 3830 299.
1044 3764 1117 3832 300.

124 3909 137 3919 μ
224 3826 276 3905 (a)
302 3823 639 3898 sacatnuour.
673 3834 726 3899 aa.
752 3832 806 3900 ar.
838 3831 1234 3918 §.articulatam
1269 3824 1489 3902 nunaut.

177 3911 561 4078 'lilibitanae
583 3997 713 4067 auu.
731 4000 970 4074 coactante
989 3998 1280 4086 navarram.
