3322 4456
167 469 239 546 cati
250 463 449 567 perfidem,
468 456 877 560 paccatlaabemusapud
890 453 1468 552 DeumperDomiuuninoslruui

165 568 284 660 Jesurn
305 561 503 637 Christum.
534 558 613 655 Ipse
629 559 726 630 euim
744 556 856 632 fassus
874 554 978 630 nobis
996 552 1017 626 a
1035 556 1140 647 Deo,
1157 553 1345 654 sapientia,
1361 557 1469 659 Justi·

169 669 241 757 tia,
275 658 509 736 sanstificatio
536 660 573 732 δι
600 656 824 750 redemptio,
859 675 900 726 ut
926 674 998 725 non
1017 653 1194 748 glorietur
1212 652 1345 747 sapiens
1363 662 1400 731 in
1417 655 1470 729 sa·

169 763 306 856 pientia
332 760 412 847 sua,
446 754 551 827 sortis
579 754 615 826 in
640 752 854 825 fortitudine
869 751 949 844 sua,
975 749 1073 820 dives
1092 749 1128 820 in
1145 748 1280 822 divitiis
1298 751 1387 845 suis,
1412 751 1471 827 sed

168 859 230 952 qui
254 857 449 953 gloriatur,
476 852 512 923 in
532 851 694 921 Domino
713 849 903 947 glorietur.
946 847 1041 920 Haec
1059 844 1147 919 fides
1165 848 1201 917 in
1216 846 1337 939 Jesum
1358 850 1470 923 Chri·

169 955 260 1023 stum
293 949 489 1046 pronubis
516 966 722 1037 mortuum,
758 944 852 1019 filios
880 946 953 1016 Dei
980 968 1045 1016 nos
1065 943 1172 1037 facit,
1199 944 1355 1016 lraeredes
1375 947 1470 1039 Dei,
1519 953 1522 959 ”

167 1049 373 1121 cohaeredes
401 1043 550 1119 Christi.
592 1045 655 1117 Ob
675 1045 765 1115 hanc
783 1045 820 1114 in
839 1041 942 1115 nobis
960 1039 1239 1131 instaurandam,
1266 1043 1472 1139 unigenitus

170 1146 243 1218 Dei
271 1144 389 1235 filius,
425 1141 445 1215 ὲ
474 1142 549 1214 sinu
576 1142 690 1213 Patris
707 1143 749 1212 ad
768 1165 833 1213 nos
850 1140 1013 1231 emissus,
1042 1136 1089 1212 sac
1109 1141 1202 1211 enim
1222 1138 1323 1212 Deus
1342 1139 1472 1213 dilexit

169 1242 343 1316 mundum
362 1260 402 1313 ut
422 1240 556 1311 Filium
574 1237 673 1310 suum
694 1240 920 1335 unigenitum
941 1239 1062 1327 daret,
1081 1256 1122 1308 ut
1140 1238 1255 1307 omnis
1275 1237 1337 1333 qui
1355 1236 1473 1309 credit

163 1340 206 1415 ”ut
226 1363 330 1430 euru,
356 1360 429 1409 non
449 1355 590 1432 pereat,
617 1337 674 1408 scd
693 1336 821 1409 babeat
839 1338 948 1410 vitam
969 1353 1153 1406 aeternam.
1180 1334 1273 1405 Non
1290 1358 1384 1406 enim
1402 1333 1473 1407 mi·

167 1435 212 1509 fit
242 1438 341 1510 Deus
367 1434 482 1506 filium
510 1433 608 1505 suurn
638 1434 672 1505 iu
702 1432 873 1505 mundum
901 1451 943 1504 ut
964 1431 1106 1530 judicet
1132 1428 1329 1523 mundum,
1356 1431 1412 1504 sed
1430 1450 1473 1505 ut

166 1532 320 1607 salvetur
337 1530 490 1604 mundus
510 1555 573 1628 per
590 1554 685 1604 eum.
712 1531 789 1628 Qui
806 1530 925 1604 credit
942 1530 979 1600 in
997 1549 1080 1601 eum
1099 1549 1171 1598 non
1181 1527 1388 1625 judicatur,
1408 1530 1472 1627 qui

42 1649 45 1654 ’
166 1651 286 1704 nutem
306 1655 379 1703 non
397 1628 534 1720 credit,
562 1653 632 1723 Jam
647 1627 829 1724 judicatus
847 1626 910 1701 est.
952 1622 1090 1717 Porrb,
1117 1627 1203 1721 quid
1222 1622 1317 1698 aliud
1335 1624 1472 1723 uspiam

165 1728 295 1802 docuit
314 1728 498 1819 Christus,
525 1723 632 1824 quaint
650 1747 693 1800 ut
711 1727 748 1798 iu
766 1750 847 1799 eum
868 1724 1053 1800 credentes
1068 1720 1153 1796 salvi
1169 1721 1281 1797 fiant?
1307 1745 1473 1818 quaereu‘·

165 1826 264 1900 tibus
282 1828 378 1898 enim
400 1825 514 1898 turbis
533 1825 619 1922 quid
640 1824 809 1898 facientes
827 1843 1060 1922 operarentur
1074 1843 1184 1918 opera
1196 1821 1279 1894 Dei.
1304 1821 1472 1919 Respon-

164 1922 233 1997 dit.
268 1925 354 1997 Hoc
380 1923 430 1995 est
455 1945 547 2018 opus
574 1924 644 1993 Dei
664 1944 704 1994 ut
723 1923 875 1996 credatis
896 1925 930 1992 in
950 1945 1030 1994 curn
1051 1942 1156 2015 quem
1174 1917 1270 1992 mifit
1289 1919 1359 1992 ille.
1394 1920 1472 1995 Hic
1493 2012 1495 2016 y

95 2101 98 2105 ,
165 2023 299 2093 clamat
317 2022 460 2109 dicens,
495 2021 533 2092 Si
554 2020 632 2112 quis
653 2017 726 2090 sitit
744 2022 863 2091 veniat
880 2021 922 2089 ad
943 2040 999 2090 me
1018 2018 1055 2091 &
1074 2015 1197 2108 bibat,
1223 2016 1285 2113 qui
1301 2014 1417 2090 credit
1434 2017 1475 2093 iu

166 2138 225 2185 me
252 2114 360 2204 (sicut
386 2116 476 2183 dicit
504 2117 706 2205 Scriptura)
735 2114 885 2186 flumina
912 2113 957 2188 de
982 2133 1108 2186 ventre
1133 2115 1209 2209 ejus
1237 2113 1352 2187 fluent
1369 2138 1473 2215 aquae

166 2210 276 2280 vivae.
319 2209 377 2280 Ad
399 2209 489 2279 banc
507 2205 615 2277 fidem
635 2229 741 2278 nemo
758 2211 857 2278 venit
875 2208 938 2278 nifi
958 2207 1114 2279 coelestis
1135 2209 1249 2280 Patris
1266 2210 1404 2284 trastu:
1430 2231 1475 2288 ut

167 2330 215 2380 ne
233 2305 310 2401 quis
328 2305 362 2378 se
380 2303 500 2395 fallat,
519 2303 614 2399 quast
631 2303 785 2399 propriis
800 2304 1037 2378 hancviribus
1052 2322 1254 2399 paraturus:
1274 2309 1388 2401 gratia
1407 2310 1475 2400 (ait

165 2403 313 2492 Paulus)
338 2401 419 2476 estis
445 2401 565 2476 salvati
593 2398 804 2498 perfidem,
831 2404 870 2479 &
887 2403 959 2475 hoc
977 2424 1050 2474 non
1067 2423 1112 2471 ex
1133 2400 1257 2496 vobis,
1286 2403 1356 2475 Dei
1375 2406 1472 2480 enim

166 2501 303 2573 donum
324 2501 396 2592 est,
422 2525 495 2573 non
513 2523 558 2572 ex
577 2497 767 2593 operibus,
787 2518 829 2573 ut
846 2524 891 2573 ne
907 2500 988 2596 quis
1005 2497 1194 2596 glorietur.
1224 2501 1261 2571 N
1268 2520 1309 2572 ec
1326 2500 1393 2573 alia
1409 2522 1473 2579 aut

165 2597 288 2672 minor
313 2600 428 2672 virtus
454 2598 506 2670 est
532 2596 624 2670 hanc
652 2597 688 2667 in
714 2595 819 2670 nobis
845 2621 986 2687 creare,
1020 2593 1127 2693 quim
1156 2619 1225 2691 qua
1243 2596 1408 2672 Christus
1424 2621 1473 2676 ex

165 2694 318 2770 mortuis
335 2694 520 2769 suscitatus
539 2693 577 2769 δε
597 2694 640 2767 ad
659 2694 769 2789 patris
787 2696 948 2768 dextram
968 2697 1007 2767 in
1022 2691 1229 2767 coelestibus
1246 2694 1297 2768 cll
1312 2695 1473 2774 colloca·

164 2812 234 2869 tus.
268 2792 367 2865 Haec
392 2817 465 2866 non
484 2791 599 2865 otiosa
615 2791 780 2890 quaedam
800 2816 841 2864 ac
861 2791 1008 2865 stertens
1025 2793 1061 2864 iu
1078 2792 1195 2863 anima
1213 2784 1367 2866 hominis
1385 2818 1474 2893 qua·

98 2890 103 2899 ’
165 2893 248 2968 litas
265 2887 340 2983 est,
359 2908 400 2963 ut
417 2888 602 2964 finxerunt
619 2889 786 2987 quidam,
803 2889 860 2964 scd
878 2889 1006 2987 spiritu
1024 2891 1098 2964 Dei
1114 2889 1152 2961 in
1167 2888 1336 2964 cordibus
1345 2890 1475 2970 nostris

165 2987 302 3080 effuso,
328 2985 457 3062 efficax
475 2988 514 3062 &
531 2985 679 3085 operosa
696 2989 860 3085 quaedam
880 2991 1016 3080 virtus,
1035 2988 1139 3086 plena
1157 2987 1326 3084 operibus
1345 2989 1471 3088 bonis,

166 3088 204 3161 ὃ(
232 3087 274 3158 iis
302 3108 375 3158 non
402 3083 423 3157 a
450 3086 555 3160 nobis
581 3105 644 3158 aut
668 3085 788 3159 nostra
831 3086 993 3158 rudentia
1009 3087 1246 3182 excogitatis,
1275 3085 1330 3160 scd
1351 3087 1369 3159 i
1390 3083 1474 3165 Deo

166 3180 288 3255 eleslis
307 3182 345 3255 &
363 3182 558 3273 mandatis,
586 3182 666 3253 haec
684 3181 763 3280 sunt
781 3111 965 3255 clsaritatis
983 3206 1056 3254 non
1074 3183 1171 3255 lisiae
1189 3206 1317 3277 opera:
1347 3186 1407 3259 Sic
1422 3189 1474 3264 ait

167 3276 377 3371 Apostolus.
420 3281 464 3351 In
492 3277 639 3354 Christo
659 3276 743 3369 Jesu
762 3301 877 3375 neque
893 3278 1125 3350 circumcisio
1142 3277 1275 3374 aliquid
1296 3280 1392 3354 valet
1409 3308 1471 3359 ne·

164 3397 236 3546 pue
263 3376 507 3469 praeputium,
541 3374 598 3450 sed
623 3373 712 3448 fides
739 3397 822 3472 quae
839 3398 903 3469 per
921 3374 1130 3447 charitatem
1151 3396 1339 3471 operatur:
1371 3380 1471 3459 Haec

181 3473 238 3546 ola
258 3494 362 3543 veros
381 3470 401 3543 i
421 3470 513 3548 fallis
532 3471 744 3548 Christianis
762 3470 990 3559 discernunt5
1018 3471 1082 3544 Ait
1100 3473 1195 3546 enirn
1216 3473 1391 3551 Salvator.
1427 3480 1474 3556 ln

166 3569 237 3644 hoc
265 3567 488 3665 cognoscent
514 3595 638 3648 omnes
664 3570 748 3666 quia
772 3567 938 3664 discipuli
966 3571 1037 3642 mei
1063 3568 1164 3664 estis,
1195 3568 1472 3655 lidilesliouem

167 3665 361 3739 habueritis
379 3665 422 3738 ad
441 3668 622 3756 invicema
649 3668 700 3742 Et
718 3666 805 3764 quid
823 3666 917 3740 aliud
937 3667 1079 3742 mandat
1095 3687 1153 3742 tot
1171 3666 1375 3746 dulcissimis
1390 3694 1486 3751 ver·¹

165 3763 220 3838 bis
239 3783 322 3837 toto
340 3763 500 3837 sermone
517 3765 645 3839 ultima
664 3766 783 3840 Coena
801 3763 922 3838 fatto?
949 3767 1008 3838 De
1026 3766 1081 3838 his
1096 3764 1178 3841 solis
1197 3771 1233 3841 in
1251 3767 1308 3842 die
1326 3769 1473 3855 novilli-u

166 3888 228 3939 ruo
247 3862 371 3960 exiget
390 3863 567 3936 rationem
584 3859 705 3937 dicens
715 3915 728 3957 ,
745 3860 1104 3941 «promitteremus
1115 3864 1207 3945 milti
1224 3884 1297 3963 quo
1315 3866 1474 3946 vescerer

798 3958 838 4036 G
1021 4053 1026 4063 .
1364 3964 1473 4069 ,3⁶⁰4
