3322 4456
814 306 949 404 (124)

231 431 387 531 prolati
403 454 475 505 non
493 430 667 523 habeant,
684 453 751 503 nec
768 432 973 504 existiment
992 426 1165 504 duntaxat
1181 430 1251 506 elle
1268 432 1538 514 scholasticam:

231 529 290 604 sed
316 554 426 629 quum
455 531 493 603 &
521 531 592 603 Dei
621 552 673 600 res
699 544 825 624 afflui
851 529 888 602 &
907 529 1117 621 hominum,
1142 530 1288 627 dignam
1310 536 1541 632 intelligant,

232 629 295 700 cui
323 627 516 701 Christiani
534 627 714 723 principes
732 624 946 696 admoveant
965 649 1109 697 manus:
1136 628 1233 721 quod
1254 651 1294 702 ut
1312 633 1443 705 nullius
1461 658 1540 708 non
1564 702 1579 717 ,

232 722 412 798 incumbit
439 721 586 815 officio,
621 724 669 793 ita
697 719 914 814 potillimum
931 723 1133 815 incumbit,
1159 729 1307 819 cognati
1326 727 1541 822 charissimi,

231 819 374 913 vestro,
400 840 442 894 ut
461 822 522 916 qui
542 823 578 896 &
600 821 755 914 proximi
773 815 853 888 estis
870 820 1055 912 periculo,
1081 820 1118 893 &
1138 819 1307 894 facillime
1325 830 1380 915 (ut
1398 826 1540 916 serunt)

233 918 382 1014 potestis
405 919 578 1007 obruere,
608 914 631 986 si
651 914 805 987 nascenti
825 916 920 986 malo
939 938 1090 1009 propere
1108 940 1208 990 eatur
1225 920 1391 1014 obviam,
1418 925 1541 1018 prius·

233 1038 339 1112 quarn
369 1016 407 1091 δε
433 1015 590 1109 improbi
618 1037 680 1107 per
699 1013 869 1083 malitiam
888 1012 925 1083 ὃ(
946 1011 1124 1107 firnplices
1144 1038 1206 1109 pet
1222 1040 1375 1089 errorem
1397 1020 1432 1090 in
1450 1044 1540 1096 eum

232 1134 421 1185 numerum
449 1136 490 1183 ac
519 1112 628 1183 robur
655 1110 874 1199 coaluerint,
909 1129 951 1181 ut
975 1112 1080 1182 facile
1105 1112 1267 1183 cohiberi
1293 1139 1366 1187 non
1394 1115 1542 1212 poffint.

233 1209 307 1283 Cui
334 1232 405 1305 ego
431 1209 480 1280 rei
509 1204 757 1302 prospesluros
781 1231 845 1278 vos
863 1229 929 1298 pro
949 1206 1063 1278 vestra
1080 1208 1267 1303 prudentia
1286 1214 1322 1285 iit
1344 1213 1380 1283 in
1400 1214 1542 1289 Christi

232 1305 342 1379 fidem
361 1306 583 1379 observantia
601 1327 671 1373 non
690 1304 832 1375 dubito.
859 1304 957 1375 Nam
978 1328 1061 1375 cum
1082 1306 1178 1377 nulla
1195 1305 1297 1399 poffit
1315 1309 1457 1384 harefis
1471 1335 1542 1384 ex·

233 1404 343 1494 oriri,
371 1426 474 1500 quarn
493 1424 555 1471 vos
575 1400 697 1472 fideles
716 1402 752 1471 in
773 1403 891 1472 Deum
909 1401 1088 1499 principes
1106 1424 1178 1473 non
1197 1405 1540 1483 vehementeraver·

231 1498 377 1592 semini,
412 1501 657 1575 Lutherianam
675 1520 815 1591 tamen,
844 1497 920 1569 lieri
941 1523 1012 1569 non
1033 1497 1173 1593 potest,
1198 1522 1238 1573 ut
1256 1526 1330 1575 non
1347 1508 1541 1602 praecipuo

232 1598 388 1691 quodam
416 1598 501 1668 odio
528 1596 801 1692 prosequamini.
850 1595 949 1667 Nam
976 1596 1063 1667 licet
1090 1597 1200 1668 homo
1228 1602 1438 1698 vaniloquus
1463 1627 1541 1677 non

232 1716 310 1773 uno
329 1694 413 1767 loco
431 1692 583 1784 scribat,
611 1693 644 1765 se
663 1695 698 1764 in
718 1693 789 1763 hoc
807 1690 958 1763 eledlum
976 1715 996 1762 a
1015 1693 1120 1781 Deo,
1147 1715 1187 1765 ut
1205 1695 1301 1766 hanc'
1315 1698 1543 1794 dodanam,

259 1814 339 1866 uam
360 1791 421 1862 ille
438 1784 545 1862 solam
567 1812 673 1863 vocat
691 1789 959 1885 evangelicam,
983 1786 1026 1857 ad
1045 1788 1172 1879 istum,
1198 1811 1271 1882 quo
1290 1794 1428 1887 coepit,
1455 1818 1541 1866 mo-

233 1814 319 1962 dum
348 1886 526 1985 spargeret
552 1912 592 1959 ac
613 1887 825 1984 praedicaret
844 1886 880 1956 in
899 1883 1055 1975 mundo,
1081 1882 1196 1956 vestra
1212 1905 1330 1959 tamen
1348 1888 1541 1983 prudentia

250 1985 341 2060 acile
366 1985 622 2080 deprehendit,
656 2006 723 2055 aec
741 1982 843 2055 illum
862 1975 988 2053 afferte
1006 1981 1221 2079 quicquam,
1246 2005 1311 2055 cur
1327 1985 1537 2082 evangelica

232 2083 342 2165 verba
366 2083 531 2156 credatur
550 2083 677 2159 melius
695 2077 929 2172 intellexisse,
954 2101 1058 2176 quam
1075 2098 1213 2153 veteres
1230 2081 1391 2156 ecclefiae
1409 2080 1540 2157 saneta

228 2176 370 2273 sanstus
396 2180 561 2254 dosiores
580 2202 726 2272 omnes,
780 2201 907 2253 uorum
926 2174 991 2251 iste
1007 2178 1318 2276 interpretationes
1335 2205 1458 2255 omnes
1475 2181 1541 2254 ab·

229 2278 247 2353 -i
277 2280 305 2352 it
322 2300 430 2378 atque
447 2274 648 2354 conteinnit
665 2300 740 2373 prae
753 2204 847 2370 iuis,
873 2278 911 2352 &
924 2275 1037 2351 multa
1054 2299 1129 2350 non
1146 2279 1155 2349 i
1185 2278 1317 2351 noratis
1336 2303 1399 2375 pet
1417 2303 1542 2354 manus

234 2300 282 2453 ab
310 2378 493 2474 Apostolis
520 2377 607 2447 olim
636 2376 765 2448 tradita
784 2375 937 2447 ubilibet
956 2371 1123 2448 hodierius
1139 2300 1322 2449 observata
1339 2396 1543 2473 perpetuo,

235 2498 391 2575 quorum
414 2475 476 2549 iste
495 2474 584 2545 nihil
603 2472 827 2569 blasphemus
845 2495 917 2544 non
933 2471 1110 2544 exsibilat.
1145 2473 1205 2546 Ad
1222 2474 1301 2546 haec
1317 2474 1542 2547 animadver-

232 2576 338 2670 titis,
358 2575 502 2668 spiritus
520 2570 674 2641 hominis
693 2592 860 2665 arrogans
877 2569 1028 2641 mendax
1047 2569 1088 2640 ac
1108 2571 1300 2644 maledicus
1317 2573 1543 2669 quamlonge
1619 2602 1622 2607 ·

235 2673 328 2761 absit
347 2697 366 2745 a
385 2672 523 2766 Spiritu
543 2668 614 2741 Dei
635 2664 788 2757 Sandio,
813 2668 875 2761 q'ui
893 2664 982 2737 solet
1000 2663 1121 2739 electis
1140 2665 1207 2741 suis
1225 2668 1392 2762 inspirare
1410 2690 1542 2742 verita·

234 2788 334 2863 tem,
365 2768 571 2855 lenitatem,
606 2761 837 2851 modestiam,
868 2762 906 2831 ὅ(
924 2782 1008 2830 cum
1027 2760 1077 2830 sui
1097 2784 1312 2854 contemptu
1331 2766 1541 2834 charitatem

234 2890 282 2943 nc
307 2863 541 2939 reverentiam
564 2857 738 2929 omnium.
781 2856 966 2925 Postremo
984 2852 1183 2923 doslrinam
1202 2858 1278 2945 ejus
1297 2855 1424 2927 videtis
1444 2879 1541 2950 prae-

235 2980 342 3036 textu
395 2951 635 3028 medicationis
660 2948 879 3044 evangelicae
906 2968 1036 3016 meram
1063 2945 1132 3016 esse
1158 2948 1405 3042 Wyclyfficam,
1435 2975 1544 3048 aqua

234 3080 324 3146 vos,
359 2983 520 3147 dognati
547 3038 756 3132 chariffimi‚
792 3066 864 3113 non
881 3042 1031 3130 dubito,
1057 3060 1139 3113 toto
1157 3045 1303 3139 peslnre
1321 3048 1461 3141 prorsus
1477 3054 1543 3123 ab.

231 3152 401 3241 horrere,
427 3165 591 3243 utquam
611 3140 781 3215 Germani
801 3148 987 3233 proceres,
1012 3160 1120 3236 atque
1139 3141 1324 3235 inprimis,
1351 3166 1391 3217 ut
1411 3150 1542 3244 audio,

235 3246 489 3351 progenitores
513 3241 618 3317 vellii
637 3240 864 3316 vehementer
881 3237 1097 3313 elaborarint
1113 3241 1346 3337 extinguere,
1374 3243 1429 3318 sed
1449 3271 1543 3343 quo·

228 3348 331 3445 ⁸triani
357 3343 464 3420 serius
489 3344 671 3442 aliquanto
696 3357 907 3434 coeperant,
933 3336 1073 3431 prorsus
1090 3341 1327 3413 exterminare
1345 3366 1416 3416 non
1436 3367 1541 3438 pote.

236 3461 338 3521 taut:
374 3440 543 3517 hodierius
570 3462 688 3515 tamen
716 3434 971 3535 profecerunt,
1005 3457 1163 3529 meam,
1189 3438 1288 3510 uelut
1308 3443 1540 3536 perniciosam

237 3540 417 3632 belluam,
444 3541 536 3613 intra
553 3537 722 3634 quosdam
742 3533 934 3609 Boheniiae·
947 3552 1140 3624 terminos,
1168 3536 1267 3609 velut
1286 3539 1321 3609 in
1340 3540 1542 3633 speluncam

237 3635 471 3729 clauderent,
506 3654 613 3732 atque
639 3632 862 3710 cohiberent.
911 3630 1009 3723 Quae
1037 3650 1146 3726 quum
1176 3633 1224 3704 ita
1253 3634 1343 3725 lint,
1377 3635 1543 3715 dubitare

233 3732 404 3841 ,profesto
429 3757 502 3807 non
530 3733 691 3830 possum,
726 3728 846 3805 sedulo
874 3726 1077 3828 provisuros
1103 3753 1187 3821 vos,
1221 3755 1286 3824 ne,
1313 3755 1415 3827 quam
1435 3736 1543 3812 vestri

156 3906 161 3911 .
235 3834 390 3941 najatei
410 3828 566 3913 belluam
592 3826 841 3927 occluserunt,
873 3851 916 3905 ea
940 3825 1054 3905 vestra
1071 3828 1211 3907 incuria
1228 3829 1277 3905 lic
1296 3831 1448 3927 reperiat
1463 3834 1542 3902 exi-

288 3988 292 3993 ·
387 3944 390 3949 “
1445 3946 1548 4027 tum,

232 3990 303 4059 5¹13
