3322 4456
783 311 799 399 (
814 299 918 394 168.)

201 447 303 518 rum,
339 423 409 519 sine
434 448 503 523 qua
526 450 634 501 nemo
658 427 763 525 possit
781 431 947 524 consequi
966 429 1077 502 vitam
1097 450 1289 505 aeternam:
1316 429 1507 542 nequeso·

203 518 280 594 liam
297 526 461 615 adultos,
486 526 542 598 sed
561 529 669 599 etiam
690 527 840 600 infantes
857 528 955 622 poffe
970 531 1008 601 ὅ(
1025 527 1153 600 debere
1172 530 1366 621 baptizari,
1393 555 1428 599 rn
1451 555 1510 603 re·

202 616 398 698 miflanem
427 627 566 717 peccati
592 626 797 718 originalis,
826 626 1171 717 &impetrationem
1192 626 1367 709 donorum
1389 628 1510 720 Spiri-

205 712 267 789 tsat
293 717 433 805 sanari,
461 743 524 813 per
542 744 623 816 quae
643 724 677 790 in
696 721 791 790 filios
812 722 881 792 Dei
898 722 1122 794 assumantur,
1167 722 1325 792 Nullum
1344 721 1511 816 baptiza·

206 833 283 917 tram
302 815 369 887 esse
386 817 688 910 rebaptizandum.
721 818 924 911 Opiniones
941 818 1237 911 Anaiaptiflarum
1255 822 1292 890 dt
1309 822 1513 915 Pelagiano-

207 934 284 984 ναι
308 914 557 984 abominandas
582 913 650 986 esse
676 915 844 986 haereses:
879 917 1019 989 adultos
1038 917 1213 1009 Baptismi
1233 916 1516 988 administratio-

208 1030 289 1080 nem
317 1028 476 1105 petentes
501 1035 586 1082 curn
612 1036 657 1083 eo
681 1014 915 1110 conjungere,
927 1014 1057 1084 debere
1076 1014 1330 1083 Poenitentiam
1351 1013 1387 1083 ὅ(
1407 1013 1515 1085 Con·

209 1108 395 1178 tritionem
423 1129 573 1204 propter
598 1130 745 1205 peccata
759 1161 771 1202 ,
806 1133 848 1181 ac
875 1111 1060 1182 Articulos
1085 1108 1168 1180 fidei
1196 1107 1299 1181 firma
1324 1107 1397 1181 fide
1420 1111 1515 1182 reci·

273 1227 306 1276 e.

209 1225 395 1391 persensi,
416 1299 476 1372 De
493 1300 728 1396 Refipisccnria
746 1302 921 1398 populum
942 1301 1207 1393 instruendum,
1234 1327 1311 1375 eam
1329 1299 1352 1374 a
1369 1301 1517 1375 Christo

212 1394 316 1469 fuisse
343 1398 565 1489 institutam,
593 1400 691 1472 &ad
711 1401 854 1472 salutem
873 1399 1035 1473 absolute
1050 1399 1118 1472 esse
1135 1399 1372 1472 necessariam.
1413 1399 1517 1472 Con·

213 1492 415 1568 listereeam
427 1496 728 1589 inContritione,
747 1495 1021 1571 Confeffione&
1032 1497 1117 1567 vitae
1128 1495 1410 1587 Emendatione,
1429 1520 1516 1569 cum

213 1594 371 1666 externis
396 1592 565 1684 operibus
592 1594 799 1688 charitatis,
826 1619 907 1690 quae
928 1594 997 1667 fint
1006 1593 1143 1688 fruetus
1158 1596 1381 1690 resipiscentiar
1398 1618 1521 1669 canar-

212 1693 349 1764 nienles.
399 1690 671 1763 Contritionem
706 1689 773 1763 else
808 1691 987 1764 internum
1017 1692 1192 1788 pudorem
1219 1692 1443 1763 &dolorem
1474 1691 1523 1765 de

214 1787 395 1884 peccatis,
422 1783 554 1880 quibus
573 1789 675 1860 Deus
691 1783 846 1860 offensus
864 1789 973 1863 &vira
988 1791 1067 1880 ejus
1085 1806 1279 1882 provocata
1295 1785 1378 1858 suit.
1416 1787 1521 1860 Cum

215 1883 449 1959 Contritione
465 1883 752 1980 conjungendam
771 1883 840 1956 else
857 1885 966 1958 fidem
988 1888 1024 1956 in
1040 1885 1111 1958 Dei
1128 1881 1424 1970 misericordiam,
1442 1885 1522 1974 qua

215 1981 400 2092 poenitens
425 1979 552 2052 debeat
570 1979 728 2076 sperare,
754 1982 877 2056 Deum
898 1982 963 2056 sibi
981 2002 1130 2079 peccata
1145 1977 1387 2071 remissurum,
1411 1977 1524 2074 seque

216 2101 255 2150 tn
280 2099 467 2150 numerum
493 2076 689 2151 elcdrorum
715 2078 874 2153 filiorum
899 2080 1043 2153 suorum
1067 2077 1349 2174 assumpturum,
1381 2099 1454 2147 non
1473 2100 1524 2149 ex

163 2262 167 2270 ι
218 2172 395 2275 dignitate
419 2175 538 2249 meriti
564 2178 623 2249 vel
648 2177 766 2272 operis
791 2177 812 2249 a
837 2178 871 2252 se
896 2176 1072 2277 praestiti,
1104 2174 1163 2249 sed
1182 2195 1334 2273 propter
1349 2174 1524 2246 meritum

218 2271 396 2369 sanguinis
422 2274 460 2349 dt
486 2271 649 2368 passionis
673 2275 894 2349 Domini&
922 2275 1118 2352 salvatoris
1143 2271 1255 2345 nostri
1270 2270 1353 2366 Jesu
1371 2271 1525 2345 Christi.

219 2369 347 2444 Fidem
372 2372 463 2443 hanc
481 2373 699 2467 generari&
718 2371 924 2464 confirmari
943 2397 1007 2472 per
1023 2370 1300 2469 applicationem
1319 2362 1523 2464 promistio-

220 2492 307 2543 num
337 2468 546 2564 Evangelii,
580 2471 617 2543 &
644 2467 744 2542 usum
771 2470 1106 2543 sacramentorum:
1141 2488 1248 2566 atque
1264 2490 1309 2539 eo
1326 2463 1398 2536 fine
1415 2460 1525 2536 Co'n·

221 2565 423 2658 scffionern,
458 2587 540 2661 quae
568 2564 611 2640 fit
638 2565 846 2658 Sacerdoti,
871 2565 940 2657 else
957 2563 1203 2658 necessariam,
1228 2565 1330 2661 cujus
1346 2559 1527 2634 absolutio

223 2662 244 2737 d
262 2663 407 2737 Christo
426 2661 606 2755 instituta,
624 2664 667 2734 ad
684 2664 910 2760 applicandas
928 2666 1123 2763 poenitenti
1142 2663 1275 2736 divina:
1293 2659 1420 2758 gratiae
1438 2679 1526 2754 pro·

222 2760 413 2834 miffiones:
444 2760 590 2832 Idcirco
609 2762 784 2854 populum
800 2762 1064 2854 instruendum,
1083 2759 1357 2834 Absolutionem
1374 2754 1526 2853 proferri

223 2858 440 2930 authoritate
469 2855 721 2928 Sacerdotibus
750 2854 770 2927 a
789 2857 937 2932 Christo
954 2862 992 2931 in
1012 2858 1214 2955 Evangelio
1231 2856 1334 2948 data,
1360 2856 1419 2927 cui
1438 2852 1529 2925 fides

223 2952 442 3040 adhibenda,
462 2974 503 3020 ac
523 2950 547 3019 fi
567 2949 587 3018 d
606 2951 689 3020 Deo
709 2952 784 3045 ipso
803 2954 942 3048 prolata
957 2953 1065 3050 esset,
1081 2960 1189 3054 juxta
1206 2954 1399 3031 Salvatoris
1416 2949 1532 3022 nostri

222 3045 351 3131 verba,
388 3045 492 3140 proin
520 3042 786 3118 Conseffionem‘
809 3051 1040 3127 auricularem
1067 3054 1089 3127 d
1113 3057 1255 3129 nemine
1279 3051 1347 3124 else
1365 3049 1532 3147 rejicien-

223 3143 328 3236 dam,
355 3142 409 3216 l'ed
429 3143 470 3213 ad
490 3142 787 3217 conscientiarum
807 3145 970 3241 solatium
989 3152 1238 3226 adhibendam.
1268 3148 1448 3242 Populum
1469 3147 1532 3218 iti·

223 3242 305 3315 dem
332 3242 592 3335 erudiendum,
635 3247 797 3340 quamvis
824 3246 925 3323 Deus
951 3273 1101 3348 propter
1127 3247 1235 3320 solam
1263 3243 1398 3315 Christi
1427 3243 1532 3317 satis·

223 3338 412 3412 fadiionem
441 3363 587 3434 peccata
611 3345 793 3437 remittat,
831 3369 999 3441 oportere
1024 3369 1143 3420 tamen
1168 3344 1248 3413 illos
1273 3337 1410 3412 studius
1436 3338 1532 3415 ferre

223 3436 496 3530 resipiscentiae,
524 3441 671 3532 Preces,
696 3442 858 3534 Jejunia,
885 3445 1166 3539 eleemosynam,
1193 3460 1276 3511 cum
1296 3434 1535 3511 satissadlione

224 3556 291 3631 pro
311 3535 448 3628 injuriis
467 3540 542 3608 aliis
563 3539 688 3627 illatis,
715 3539 852 3635 aliaque
872 3538 1122 3615 misericordiae
1143 3538 1181 3611 &
1199 3536 1382 3610 charitatis
1399 3556 1534 3628 opera,

224 3630 323 3704 secus
342 3654 412 3700 non
431 3632 528 3724 posse
545 3634 624 3708 illos
645 3635 785 3706 salvari:
816 3638 894 3710 laec
910 3659 1025 3710 autem
1040 3635 1205 3708 faciendo
1217 3634 1429 3732 ipsosvitam
1442 3655 1535 3704 con·

224 3726 433 3822 sequuturos
461 3749 651 3828 aeternam,
685 3734 722 3808 dt
751 3734 983 3809 afflielionuna
1005 3733 1223 3834 hujus‘vitae
1241 3729 1534 3830 mitigationem,

218 3826 327 3924 juxta
346 3825 560 3922 Scripturas.
997 3858 1000 3862 ·
1412 3928 1455 4028 ‚⁶2

1453 3948 1537 4000 rar·
