3322 4456
198 276 473 357 ‚GullFatellua
613 275 654 350 R
702 273 736 348 E
785 269 828 347 N
877 272 915 345 O
963 271 1000 346 V
1050 274 1081 348 A
1131 276 1169 350 T
1219 275 1251 350 l.
1459 303 1546 374 29,

195 457 233 500 ‚„
259 424 314 478 tos
340 407 375 477 in
396 400 557 478 Ecclesia
572 400 644 473 Dei
662 401 781 488 vitos,
800 418 911 487 usque
929 391 1015 465 adeb
1035 398 1069 468 in
1087 424 1195 495 opere
1211 401 1336 474 divino
1355 403 1503 476 consen·

205 555 231 597 „
259 506 417 592 tientes,
451 524 582 598 eosque
609 495 753 570 diversrs
779 495 882 563 donis
910 489 1104 586 florentes,
1138 522 1281 570 cernere
1308 501 1344 574 &
1371 503 1505 574 audite.

202 652 231 693 „
259 596 638 693 Excellebatquadam
658 591 767 663 animi
786 587 1033 682 magnitudine
1051 590 1079 658 F
1082 595 1226 683 arellus,
1245 599 1349 693 cujus
1368 601 1424 672 vel
1440 623 1503 671 au·

203 748 231 789 „
256 697 333 768 dire
349 695 479 791 absque
496 713 650 765 tremore
669 690 848 770 tonitrua,
868 683 924 752 vel
943 682 1186 760 ardentissimas
1206 715 1324 784 preces
1336 700 1502 793 percipe·

144 826 146 828 ·
200 843 230 885 ‚,
258 815 295 863 re
322 815 426 863 nemo
452 789 590 884 pollet,
626 783 713 877 quin
739 783 775 851 in
803 776 915 874 ipsum
945 801 1054 873 poene
1079 783 1214 854 coelum
1233 786 1498 869 subveheretur.

203 937 232 978 „
258 887 406 958 Viretus
426 883 605 954 facundiae
624 879 797 950 suavitate
815 874 862 947 fic
880 876 1099 967 excellebat,
1126 899 1166 948 ut
1183 882 1358 957 auditores
1376 889 1420 960 ab
1440 894 1498 985 ip·

202 1032 231 1074 „
260 979 328 1053 fius
356 1004 418 1052 ore
442 976 633 1050 necessario
658 976 862 1071 penderent.
912 971 1193 1069 Calvinus'quot
1212 974 1353 1052 sonabat
1371 987 1498 1075 verba,

202 1129 230 1170 ,‚
257 1095 317 1151 tot
341 1073 547 1173 gravilllmis
572 1074 750 1147 sententris
767 1071 939 1144 auditoris
958 1093 1112 1142 mentem
1132 1072 1320 1167 explebat,
1347 1099 1389 1149 ut
1406 1078 1498 1177 saepe

200 1226 229 1269 „
258 1173 320 1246 srbi
348 1178 384 1246 in
404 1192 559 1245 mentem
578 1171 709 1245 venisse
726 1168 855 1242 reserat
874 1169 987 1260 Beza,
1015 1166 1211 1262 perfeetum
1232 1169 1497 1265 quodammodo

197 1322 225 1365 „
252 1271 362 1344 videri
383 1271 580 1367 pastorem,
607 1273 731 1365 quiex
752 1268 865 1340 tribus
884 1267 951 1338 illis
970 1265 1054 1338 esset
1072 1267 1263 1341 conflatus.
1285 1320 1311 1359 „

244 1371 427 1444 Gulielmus
450 1366 758 1458 FARELLUS,
793 1370 915 1459 (quem
932 1365 1004 1457 jam
1025 1365 1180 1439 diximus
1201 1365 1497 1442 EcclefiaeMel-

194 1465 293 1539 denst
320 1468 363 1538 ad
391 1467 551 1538 Gulielmt'
572 1467 752 1556 Brrffanetr'
770 1481 898 1534 nutum
918 1485 1061 1628 operam
1081 1460 1174 1534 suam
1197 1465 1283 1537 licet
1302 1465 1393 1541 haud
1414 1469 1496 1540 diu·

194 1581 336 1636 turnam
364 1561 568 1645 collocasse)
598 1581 698 1634 natus
723 1576 798 1632 erat
823 1559 869 1630 A.
889 1580 931 1650 14
952 1581 991 1640 9.
1017 1580 1061 1630 ex
1081 1559 1193 1631 nobili
1213 1564 1248 1632 in
1270 1563 1496 1660 Delphinatu

189 1658 324 1734 Galliae
352 1659 513 1757 prosapia
540 1662 665 1746 ortu's3
701 1656 760 1730 Ab
786 1657 930 1728 ineunte
953 1675 1071 1728 autern
1093 1676 1199 1728 aetate
1218 1658 1376 1733 Lutetiae
1397 1666 1493 1737 Pati·

187 1753 319 1831 fiorum
339 1757 534 1857 disciplinis
552 1776 659 1853 atque
677 1752 813 1828 artibus
828 1747 1079 1844 estimbutus,
1098 1776 1142 1826 eo
1161 1779 1244 1828 cum
1264 1755 1420 1830 successu
1438 1784 1493 1835 at·

185 1876 256 1950 que
301 1853 501 1930 rosesluum
521 1855 664 1929 suorum
686 1852 798 1943 fama,
825 1871 865 1925 ut
883 1849 1023 1948 juvenis
1041 1851 1233 1925 admodum
1250 1855 1323 1949 jam
1344 1856 1491 1931 illustri·

184 1948 253 2024 bus
319 1955 379 2026 iris
406 1955 444 2028 &
470 1951 731 2045 innotesceret,
767 1950 805 2024 &
833 1947 876 2022 ab
895 1951 936 2021 iis
954 1951 1075 2046 magni
1095 1948 1352 2043 aestimaretur,
1382 1952 1488 2049 fiqui·

182 2045 266 2132 ,dem
293 2050 473 2124 &Faber
501 2048 743 2146 stapulensis,
779 2049 815 2120 in
840 2049 943 2144 cujus
962 2046 1181 2141 disciplinam
1202 2051 1230 2123 is
1248 2049 1490 2145 concesserat,
1576 2137 1581 2145 ,

183 2142 239 2223 illi
265 2164 342 2216 turn
368 2149 442 2238 jam
464 2147 585 2218 locum
606 2149 642 2217 in
660 2146 820 2238 collegio
839 2144 1039 2217 Cardinalit
1058 2145 1249 2219 Monachii
1271 2149 1320 2241 (le
1340 2150 1487 2238 Moine)

184 2257 459 2328 procuraverat,
496 2241 555 2307 cui
581 2261 665 2308 cum
683 2261 748 2328 per
764 2239 807 2304 ali
835 2259 900 2310 uot
918 2262 1027 2310 annos
1046 2264 1128 2312 cum
1149 2243 1250 2317 laude
1270 2245 1467 2339 praefuiffet

181 2331 214 2403 is
242 2355 310 2405 una
336 2355 420 2405 cum
450 2330 568 2402 Fabro
592 2331 635 2402 ad
661 2261 882 2402 Meldensem
904 2336 1051 2406 locatus
1071 2338 1314 2434 Episcopum,
1342 2343 1392 2414 illi
1414 2300 1489 2417 Ec:
1596 2335 1601 2342 ’

181 2427 300 2502 clesrae
326 2452 469 2524 operam
489 2427 583 2501 suam
603 2425 806 2501 addicebat.
854 2431 905 2500 At
923 2428 1033 2521 verb,
1061 2456 1143 2504 cum
1164 2436 1246 2510 inde
1263 2437 1384 2526 pulsus
1402 2440 1491 2512 esset

181 2526 228 2598 A.
254 2550 359 2625 ¹523·
395 2529 423 2597 is
452 2525 568 2597 statim
599 2528 883 2620 Argentoratum
912 2521 1093 2616 secedere,
1130 2527 1491 2626 ibiqueitCapitone

180 2625 220 2697 &
246 2626 390 2696 Bueero
418 2625 528 2718 plenis
553 2623 645 2696 ulnis
664 2620 777 2714 recipi
798 2621 846 2712 (a)
858 2652 871 2706 3
902 2621 1036 2714 Neque
1055 2641 1171 2694 tamen
1191 2626 1240 2695 ibi
1261 2627 1384 2722 longas
1403 2652 1488 2703 nec·

179 2739 254 2805 tere
283 2745 419 2810 moras,
456 2723 541 2813 quin
568 2722 688 2815 potius
708 2722 815 2790 Anno
837 2716 1003 2812 sequente
1027 2741 1130 2813 15²4·
1155 2721 1272 2795 mense
1289 2723 1489 2802 Februario

176 2817 347 2892 Bafileam
378 2818 623 2906 contendere3
662 2815 771 2913 Apud
801 2813 1009 2888 Basrleenses
1038 2837 1182 2910 tamen,
1219 2844 1326 2913 cum,
1363 2825 1487 2902 invitis

170 2916 427 3004 Academicis,
448 2916 545 2987 civili
565 2914 702 2988 senatus
721 2912 933 2987 ausloritare
950 2914 994 2986 ad
1011 2914 1285 3011 disputationem
1307 2920 1485 3000 Thefium

177 3014 396 3108 quarundam
427 3014 725 3108 Evangelicarum
746 3013 801 3106 (b)
828 3010 912 3082 esset
931 3012 1116 3107 admissus,
1142 3040 1214 3091 non
1232 3016 1294 3093 diu
1314 3044 1483 3095 commo.
1544 3099 1546 3103 Α

177 3114 246 3207 tati
274 3113 418 3210 potuit,
453 3109 510 3185 sed
538 3131 690 3207 urgente
715 3108 869 3184 factione
896 3111 1111 3208 Pontificia,
1135 3119 1205 3189 cui
1234 3137 1310 3191 tum
1339 3117 1483 3194 favebat

805 3205 844 3278 D
875 3227 891 3301 3
1374 3216 1480 3290 Erat·

339 3384 382 3453 Et
398 3389 526 3452 miratur
539 3386 644 3450 adhue
660 3382 846 3449 fundentem
862 3388 961 3449 mella
976 3383 1141 3469 Vrretum,

381 3472 460 3554 Quo
477 3491 574 3536 nemo
592 3471 673 3534 fatur
690 3467 825 3534 dulcius.

195 3603 205 3617 .
339 3552 469 3619 Scilicet
485 3569 538 3619 aut
555 3557 649 3619 tribus
667 3554 709 3618 his
726 3550 885 3616 servabere
901 3552 1024 3618 testibus
1041 3552 1144 3637 olim,

381 3639 450 3702 Aut
465 3639 596 3703 interibis
615 3638 732 3703 Gallia.

221 3732 280 3815 (a)
298 3731 560 3804 ANClLLON
584 3740 617 3804 iu
638 3741 700 3805 vita
723 3737 751 3804 F
753 3734 841 3803 arelli
864 3753 985 3820 prro.
1015 3736 1098 3820 apud
1121 3735 1281 3807 BAYLE
1312 3738 1416 3807 Torn.
1434 3741 1480 3820 ll.

180 3840 211 3905 p.
222 3832 416 3988 &affin
432 3901 539 3987 Nostr.
556 3903 695 3985 Reform.
712 3906 759 3974 T.
776 3906 821 3973 ll.
844 3926 874 3992 p.
894 3902 967 3988 269.
993 3917 1066 3989 270.
