3322 4456
766 288 782 380 l
791 283 896 382 235²)

227 420 366 508 Porro,
385 407 522 486 tametsi
538 409 611 507 jam
630 426 689 480 20.
706 406 749 480 ab
768 407 854 482 hinc
870 406 968 481 annis
985 405 1119 483 multos
1131 409 1308 505 ejusmodi
1319 436 1476 493 rumores

179 517 225 591 de
242 539 302 589 me
316 535 424 584 vnnos
443 511 480 583 dc
500 505 602 578 falsos
619 505 850 601 pertulerim,
869 524 1065 601 utcumque
1083 507 1226 580 fortiter
1244 512 1281 585 δι
1297 514 1476 606 modeste,

180 633 359 709 nunquam
387 609 468 680 dato
495 601 661 675 hactenus
689 601 949 700 significatione
974 603 1045 674 ulla
1070 607 1247 678 commoti
1273 612 1403 704 animi,
1428 612 1476 686 ob

180 734 235 786 rer
252 705 449 806 ejusmodi:
476 703 662 790 adtamen,
682 699 705 772 li
724 700 866 796 quando
884 700 922 771 in
940 697 1097 773 fraudem
1115 722 1222 798 atque
1240 704 1477 799 injuriamve·

162 810 295 882 sitatis
316 805 386 877 Dei
407 800 489 874 tnlia
504 795 738 892 jactarentur,
756 797 849 871 haud
867 819 1040 892 quaquam
1059 799 1205 894 perferri
1224 801 1320 896 polio
1333 803 1479 898 judico.

179 906 279 997 Quae
306 926 362 973 me
384 923 437 970 res
456 896 600 989 impulit
618 912 659 965 ut
676 893 808 989 scripto
827 895 897 966 hoc
916 893 1081 967 testatum
1100 895 1263 970 universo
1282 899 1361 970 orbi
1380 899 1476 973 face·

182 1027 281 1094 rem,
306 1015 563 1091 nunquamme
581 988 724 1063 auclore
742 989 876 1063 millam
893 992 1096 1064 Cantuariae
1115 1014 1313 1067 cantatam:
1339 995 1397 1070 sed
1415 1021 1477 1070 vn·

180 1122 266 1172 num
294 1094 466 1191 quendam
493 1088 733 1178 adulatorem,
764 1087 968 1160 mendacem
987 1110 1093 1185 atque
1109 1091 1335 1189 hypocritam
1353 1117 1477 1166 monn·

180 1196 313 1282 chum,
342 1213 398 1261 me
416 1210 481 1259 nec
501 1182 703 1257 consultore
721 1208 835 1278 neque
852 1182 1018 1278 conscio,
1040 1186 1172 1260 ibidem
1192 1189 1264 1262 hoc
1281 1186 1401 1263 ausum
1420 1189 1478 1263 fu·

180 1291 262 1381 isse,
296 1288 462 1361 Dominus
489 1285 542 1355 illi
565 1282 682 1354 reddat
705 1282 810 1356 indie
827 1285 895 1355 illo.
938 1282 1052 1375 Quod
1073 1308 1183 1381 porro
1202 1283 1389 1382 meipsum
1410 1287 1477 1358 ob·

181 1386 325 1462 tulerim
353 1383 394 1456 ad
422 1379 606 1476 legendnm
635 1376 768 1449 millam
795 1401 914 1450 coram
939 1379 1122 1475 majestate
1139 1384 1190 1455 R.
1210 1402 1271 1455 aut
1288 1406 1398 1477 usque
1414 1384 1478 1457 ali·

180 1485 241 1575 bi,
276 1504 380 1577 quam
410 1479 444 1548 id
472 1498 601 1548 vanum
631 1473 697 1566 fit,
730 1474 809 1547 settis
834 1476 938 1546 nouit
959 1475 1068 1640 iffius
1086 1476 1266 1573 Majestas.
1310 1480 1478 1576 Aquafi

180 1576 391 1677 potestatem
421 1577 597 1667 impetro,
632 1572 746 1667 palam
775 1570 941 1643 omnibus
982 1574 1117 1665 nciam,
1143 1595 1338 1669 contraque
1356 1601 1480 1653 omnes

177 1674 355 1748 diversum
384 1687 546 1766 putantes
599 1666 757 1757 robabo,
791 1668 910 1739 omnia
927 1687 1008 1760 quae
1026 1668 1064 1741 in
1083 1673 1339 1745 communione
1357 1679 1479 1768 (quam

179 1772 334 1857 restituit
362 1765 543 1838 innocenti
571 1786 662 1835 rmus
689 1764 854 1857 idemque
879 1765 1040 1857 optimus
1056 1767 1223 1862 princeps
1240 1770 1324 1842 Rex
1344 1769 1479 1845 EDU·

165 1862 366 1943 'DARUs
383 1863 453 1936 Vl.
479 1864 516 1935 in
535 1860 690 1933 comitiis
701 1861 815 1954 regni)
836 1859 1026 1954 leguntur,
1046 1862 1254 1958 respondere
1264 1864 1478 1940 institutioni

179 1963 316 2038 Christi
334 1983 441 2056 atque
461 1955 719 2053 Apostolorum
731 1957 767 2030 ὃ(
783 1956 979 2052 primitivae
996 1959 1156 2032 ecclesrae
1174 1962 1341 2058 exemplo
1359 1964 1481 2039 multis

178 2062 277 2134 annis
304 2058 503 2130 observato.
547 2049 690 2123 Milium
718 2071 866 2138 contra,
902 2054 937 2122 in
964 2053 1126 2147 plurimis
1151 2081 1224 2128 non
1250 2080 1388 2133 tuntum
1409 2062 1481 2136 hoc

180 2156 413 2227 fundamento
432 2170 550 2223 carere
565 2146 749 2219 Christi&
761 2144 1017 2238 Apostolorum
1031 2149 1066 2223 δι
1080 2151 1273 2244 primitivae
1286 2156 1480 2250 Ecclefiae,

179 2250 237 2325 sed
265 2251 339 2322 imo
367 2241 537 2317 adversari
565 2240 728 2336 prorsus,
763 2258 870 2336 atque
896 2262 940 2312 ex
968 2240 1142 2319 diametro
1168 2270 1350 2345 pugnare,
1375 2254 1480 2325 undi-

179 2370 319 2445 quaque
345 2337 524 2416 erroribus
550 2358 656 2430 atque
673 2330 839 2409 abulibus
857 2333 1123 2414 refertiffimam.
1165 2344 1341 2442 Quamvis
1360 2369 1479 2422 autem

179 2470 200 2516 a
225 2441 406 2516 nonnullis
431 2431 607 2532 imperitis
629 2434 666 2509 ὅ(
684 2431 868 2506 malevolis
886 2433 1026 2508 dicatur
1048 2436 1098 2509 D.
1119 2438 1244 2514 Petrus
1263 2444 1406 2540 Martyr
1423 2447 1479 2518 in·

179 2540 328 2631 doetus,
364 2536 388 2608 sr
416 2554 535 2607 tamen
562 2528 652 2605 hunc
680 2527 881 2605 libertatem
904 2528 965 2605 det
982 2532 1150 2628 Mnjestas
1170 2541 1287 2634 Regin
1305 2563 1375 2637 ego
1393 2567 1478 2615 cum

178 2639 288 2710 Petro
317 2635 482 2726 Martyre
500 2649 606 2721 atque
623 2627 699 2700 aliis
715 2645 751 2717 4.
769 2646 831 2698 aut
851 2648 882 2723 5.
909 2651 998 2722 quoe
1016 2631 1105 2705 mihi
1125 2633 1312 2731 delegere,
1339 2637 1479 2714 favente

178 2735 286 2828 Deo,
312 2728 481 2817 confido,
499 2750 562 2797 nos
581 2723 674 2799 idern
692 2719 860 2797 omnibus
877 2724 1156 2820 adprobatum,
1174 2756 1244 2803 non
1263 2732 1374 2806 solum
1396 2760 1478 2832 pre·

179 2856 238 2906 ces
254 2850 462 2905 communes
479 2818 754 2915 ecclesrasticae,
770 2819 1109 2898 administrationem
1128 2825 1281 2922 sacram,
1301 2856 1383 2902 cum
1405 2858 1479 2905 cae·

178 2931 264 3003 teris
289 2926 415 3002 ritibus
442 2923 478 2995 ὃ(
498 2919 735 3008 caerimoniie,
761 2939 883 2995 verum
903 2916 1102 2994 dodlrinam
1121 2948 1264 3023 quoque
1282 2928 1478 3004 universam

178 3051 221 3098 ac
249 3022 433 3119 religionis
458 3019 618 3090 ordinem
646 3014 881 3093 constitutum
909 3041 928 3088 a
955 3014 1118 3116 supremo
1145 3026 1267 3097 nostro
1295 3026 1345 3098 D.
1371 3029 1479 3125 Rege

178 3121 347 3193 Eduardo
361 3119 430 3188 Vl.
450 3115 594 3210 puriora
612 3112 690 3185 haec
708 3108 798 3205 cli‘e,
817 3114 856 3189 dc
874 3113 986 3189 uerbo
1007 3117 1077 3190 Dei
1096 3124 1208 3215 magis
1226 3122 1477 3218 consentanea,

176 3240 282 3311 quam
311 3213 484 3310 quidquid
511 3209 609 3282 mille
628 3229 723 3280 retro
741 3208 839 3287 annin
857 3209 895 3282 in
913 3211 1047 3305 Anglia
1065 3214 1268 3309 usurpatum
1289 3221 1475 3293 novimus:

176 3333 315 3385 tantum
337 3311 447 3383 modo
462 3306 671 3404 judicentur
688 3305 806 3376 omnia
823 3328 887 3400 per
905 3305 1053 3379 verbum
1071 3309 1164 3401 Dei,
1184 3337 1225 3385 nc
1236 3312 1478 3391 describantur

176 3412 286 3507 partis
313 3409 497 3502 utriusque
524 3423 750 3501 argumenta,
785 3425 857 3495 quo
885 3403 1039 3497 primum
1059 3405 1162 3503 poffit
1181 3410 1276 3482 orbis
1295 3413 1477 3490 universus

176 3533 218 3580 en
243 3507 443 3580 examinare
470 3503 506 3574 ἃ
522 3502 707 3597 judicare,
735 3498 861 3571 deinde
878 3521 1028 3596 nequeat
1047 3528 1125 3598 pars
1142 3505 1214 3579 ulla
1231 3504 1477 3588 didlndndlave

118 3648 122 3656 ·
180 3605 229 3683 fic
256 3596 430 3695 descripta
457 3597 621 3671 inficiari.
664 3597 846 3688 Quoniam
866 3621 950 3669 vero
968 3601 1169 3696 gloriantur
1189 3603 1261 3693 illi,
1289 3608 1326 3681 ὃ(
1341 3599 1477 3704 jadinnt

177 3695 508 3785 Eccleliae'lidem,
534 3719 616 3789 quae
636 3693 705 3767 fuit
729 3716 830 3789 1500.
856 3694 900 3766 ab
920 3696 1003 3769 hinc
1021 3700 1137 3772 annis:
1165 3727 1229 3775 nos
1248 3703 1313 3775 hac
1332 3729 1477 3801 quoque

176 3800 212 3872 in
233 3821 332 3896 parte
350 3822 432 3878 cunr
452 3794 521 3866 illis
541 3793 736 3890 periclitari
754 3791 984 3964 agdebimus,
1002 3798 1100 3895 quod
1118 3799 1476 3876 eademdodlrinant·

820 3910 895 3986 gt
1406 3923 1475 3997 que
