3322 4456
720 295 855 392 (ιιι.)
896 375 900 385 ,

137 435 294 548 ξυρῷ,
323 423 439 527 gratia
463 419 501 498 bc
527 415 751 530 eluelroritas.
794 416 963 521 Qibur,
994 441 1104 516 quum
1125 417 1174 496 V.
1193 424 1432 529 circumspec-

137 530 263 641 trffima
285 526 336 599 D.
354 518 521 597 bostonus
537 530 588 589 rta
606 511 875 627 perimebant,
901 535 941 588 ut
959 513 1129 591 summam
1147 521 1229 597 inde
1247 526 1433 622 Laudem,

56 731 60 737 ,
137 610 1432 818 tltllzltlllt.llllffi'lzffi{initiabilill

136 819 210 891 unit
231 814 342 912 opera
361 814 454 882 inter
470 801 703 917 Cbristianill.
722 805 928 902 Principes,
956 805 1178 880 confirmatis
1196 769 1408 888 Foerleribus

131 915 181 987 ‘ad
200 907 397 991 Statum&
417 903 592 977 Ordinem
613 893 901 973 Ecclefiallicum
922 900 1204 996 reformandum,
1225 908 1261 979 δι
1280 866 1431 1005 εοιηροῖ

138 1011 293 1084 nendum
313 1002 472 1078 decrevit
490 1020 722 1082 converteres
741 997 885 1068 solidam
898 998 1181 1071 &immortalem
1201 1005 1293 1097 apud
1310 1006 1430 1079 Deum

138 1105 176 1179 &
204 1126 346 1178 omnem
375 1097 617 1194 posteritatem
637 1094 789 1190 gloriam
809 1091 1020 1188 reportabit.
1055 1097 1178 1168 Tanto
1195 1103 1334 1173 caeteris
1353 1126 1431 1174 om·

137 1201 263 1292 nibus,
297 1198 358 1291 qui
384 1191 501 1266 nostra
525 1191 696 1262 memoria
721 1188 849 1282 quovis
871 1191 1033 1284 gentium
1059 1189 1225 1264 alsummi
1245 1195 1433 1273 Pontificio
1470 1222 1473 1229 ’

137 1296 248 1369 latere
264 1291 351 1366 miffi
369 1289 470 1379 sunt,
495 1285 777 1383 praestantiorem
797 1285 833 1356 &
853 1284 1107 1378 celebriorem,
1135 1310 1268 1384 quanto
1286 1293 1341 1362 vel
1359 1294 1433 1367 Pax

137 1390 241 1464 Bello
267 1386 521 1486 expetibilior,
556 1383 613 1453 vel
640 1381 768 1473 Clerus
795 1381 931 1476 populo
956 1380 1139 1474 sanator,
1166 1387 1203 1460 δι
1223 1391 1434 1465 veneratior.

138 1487 238 1561 Nam
269 1485 292 1558 fi
320 1479 590 1581 quamplurimis
605 1467 848 1550 Pontificibus
864 1479 1047 1569 maximis,
1074 1479 1129 1550 vel
1146 1480 1349 1576 oblivione,
1376 1488 1434 1561 vel

139 1583 280 1658 filontio
299 1579 512 1678 praeteritis,
537 1574 613 1647 bini
630 1574 684 1647 illi
702 1571 794 1646 olim
808 1573 878 1645 huc
897 1573 1028 1668 Legati
1048 1577 1212 1648 omnium
1227 1604 1289 1651 ore
1302 1582 1435 1678 ubique

139 1698 311 1754 terrarum
332 1673 441 1749 hodie
457 1670 704 1762 celebrantur,
723 1670 829 1766 idque
847 1664 987 1742 tantiam
1006 1669 1053 1742 ob
1073 1673 1256 1746 nonnullas
1272 1676 1435 1753 Sanciio·

138 1799 223 1869 nes,
257 1798 342 1871 quas
368 1788 588 1878 praematupo
604 1765 880 1878 Romameditu
898 1766 1111 1840 infirmiores
1130 1770 1324 1866 reliquere,
1376 1798 1434 1848 uae

138 1892 245 1962 aetas‚
279 1889 342 1944 aut
369 1889 450 1965 quae
478 1863 560 1938 mnlr
591 1882 679 1937 nitas
709 1862 757 1935 V.
777 1864 862 1936 Μ’.
893 1863 1050 1937 Nomini
1070 1866 1265 1941 laudem&
1284 1799 1434 1942 celebri·

137 1985 251 2044 tatem
276 1966 337 2039 vel
358 1965 476 2037 delere
501 1984 548 2057 po
575 1982 604 2032 rt
621 1977 800 2055 unquam,
826 1958 883 2032 vel
900 1959 1105 2058 obfuscarea
1132 1979 1214 2037 cum
1234 1954 1435 2040 universum

137 2068 274 2161 Angliae
301 2066 436 2134 Clarum
462 2059 500 2129 δε
528 2056 762 2127 Monacbiam
789 2054 863 2126 fuae
879 2056 1078 2154 integritati
1096 2059 1132 2132 &
1152 2061 1322 2157 dignitati
1337 2061 1436 2139 resti·

140 2155 278 2241 turrita
313 2153 353 2229 o't
379 2156 521 2246 Legem
545 2146 591 2221 ad'
614 2175 690 2222 eam
718 2149 905 2239 tuendam,
931 2153 968 2224 ὃ(
990 2152 1439 2252 inconcussisetvand'am,
1581 2155 1583 2159 ’

140 2252 367 2361 condiderim
394 2244 629 2356 consiliisque
646 2244 805 2316 moribus
825 2245 861 2318 bc
880 2245 1140 2322 consuetudine·
1152 2248 1385 2348 comprobari
1400 2258 1438 2331 δι

141 2349 349 2425 confirmari
366 2343 506 2417 secent.

188 2445 304 2544 Qrod
332 2443 407 2516 Dssl.
433 2439 483 2512 V.
511 2438 609 2511 ΚΜ.
638 2458 710 2507 non
729 2434 857 2507 dubito
874 2459 918 2508 eo
937 2437 1053 2531 multo
1071 2439 1209 2515 facilius
1227 2440 1440 2546 feliciusque

140 2540 328 2634 succedet,
364 2536 461 2636 qaod
489 2533 574 2608 Rex
602 2530 721 2604 noster
745 2523 1078 2628 Christianitlimus,
1111 2539 1213 2637 cujus
1237 2539 1381 2614 hortatu
1399 2544 1439 2620 ὃς
1590 2592 1592 2597 ,

140 2638 305 2736 auspiciis
333 2628 517 2735 (arbitror)
544 2630 634 2704 hanc
662 2622 885 2701 Provinciam
914 2635 1074 2728 recepit,
1103 2658 1245 2707 omnem
1263 2635 1357 2710 suam
1375 2663 1438 2712 au·

142 2735 353 2844 thoritatem
373 2731 536 2840 &opem
553 2729 587 2800 ei
603 2724 644 2797 ad
663 2739 794 2796 voru'm‘
810 2726 1011 2822 impertiet:
1041 2727 1252 2828 Omnesque
1271 2733 1417 2809 Praelati

142 2833 342 2929 praesertrm
359 2823 552 2925 Eprlcopt,
580 2823 658 2925 suos
677 2818 822 2895 alienius
841 2823 877 2896 &
898 2821 1010 2897 lludia
1028 2826 1179 2920 alacres,
1198 2830 1234 2900 ni
1246 2787 1441 2909 admodum

141 2929 270 3019 fallor,
295 2923 529 2999 adhibebunt.

145 3118 157 3141 μ
192 3022 242 3100 E't
269 3045 310 3098 ut
336 3022 380 3097 de
406 3017 540 3115 meipso
566 3015 685 3092 saltem
713 3014 906 3112 pollicear,
940 3017 1041 3114 quod
1065 3019 1201 3092 animus
1227 3045 1325 3095 meus
1351 3020 1444 3099 ferre

144 3119 384 3223 praestareque
402 3116 532 3219 gestit,
559 3113 607 3187 fic
624 3113 712 3190 mibi
731 3114 875 3187 videtur
891 3115 971 3187 haec
991 3114 1200 3210 Reformario
1219 3120 1315 3192 Cleri
1328 3121 1365 3195 bc
1377 3107 1443 3195 sa·

146 3241 291 3292 cromm
317 3221 502 3305 omnium,
528 3210 764 3283 oblatrantem
790 3211 850 3281 diu
896 3213 1043 3302 opulum
1064 3212 1243 3304 placatura
1293 3216 1442 3291 Clerum

148 3311 384 3422 illustratura,
417 3312 560 3406 Regem
589 3305 701 3400 ipsum
729 3235 893 3375 Serenillg.
914 3307 1173 3398 &optimates
1190 3267 1311 3380 ombcs
1331 3308 1447 3384 Clcro

150 3408 406 3492 conciliatura,
434 3408 471 3479 &
490 3406 573 3482 Deo
591 3399 767 3497 imprimis
784 3401 878 3492 Opt.
897 3401 1001 3471 Max.
1021 3400 1098 3497 plus
1115 3405 1280 3476 omnibus
1300 3404 1445 3481 Sacrifi-

148 3509 214 3581 ciis
241 3523 351 3600 usque
375 3502 463 3575 adeo
490 3500 687 3596 placitura,
720 3515 762 3568 ut
784 3497 956 3591 quicquid
975 3496 1149 3592 reliquum
1172 3498 1214 3573 fit
1231 3504 1318 3575 mihi
1340 3505 1448 3601 hujus

151 3599 449 3708 simeonium,
475 3599 511 3669 id
530 3599 566 3668 in
583 3589 915 3668 eamlubentiliime
934 3593 1172 3689 impenderem
1193 3619 1298 3695 atque
1318 3591 1447 3676 consu·

150 3720 304 3808 merem:
332 3715 385 3766 uti
413 3696 463 3766 D.
482 3694 531 3765 V.
552 3695 694 3766 Revmae.
718 3692 874 3785 apertius
893 3714 1013 3762 coram
1031 3690 1219 3766 declarabo
1236 3697 1278 3768 ad
1298 3699 1391 3770 diem
1411 3701 1451 3771 in

151 3796 246 3872 illius
265 3793 399 3868 Literis
415 3789 637 3890 prefinitum
648 3821 661 3877 3
684 3787 816 3862 fimibi
835 3789 920 3864 vivo
938 3789 975 3865 δε
993 3787 1075 3862 sano
1088 3789 1191 3866 illum
1204 3793 1450 3869 videredetur.

1352 3889 1453 3966 Inte·
