3322 4456
141 378 308 470 ΛΑΜ,
467 365 507 439 tt
555 361 589 438 E
637 362 685 438 N·
730 357 767 437 0
815 361 853 436 V
902 360 936 438 Α
985 361 1022 440 Τ
1073 366 1104 442 l.
1369 362 1443 470 335²

111 564 115 573 ,
139 510 258 568 tamen
274 490 348 583 est,
365 509 407 564 ut
425 512 498 562 nort
516 491 566 560 ita
581 488 699 560 multo
716 486 818 583 pasl,
838 485 907 558 sare
924 489 1020 582 quod
1041 491 1236 585 nimiopere
1251 488 1354 566 rebus
1369 493 1438 566 suit

141 589 290 683 lideret,
327 587 396 659 five
420 585 516 681 quod
539 583 719 680 Episcopo
738 583 955 655 Londinenli
977 588 1076 679 prior
1093 590 1151 659 illa
1170 590 1318 661 limitata
1336 593 1437 663 velut

141 710 213 760 non
241 682 455 759 satisfaceret
468 681 682 773 palinodia,
714 684 749 751 in
777 703 952 753 carcerem
971 683 1099 754 iterum
1120 686 1438 780 compingeretur,

142 784 284 877 quando
309 781 431 852 multis
448 778 562 850 modis
578 801 619 850 ea
635 775 686 850 est
703 777 881 866 exercita,
908 779 1082 874 variisque
1100 778 1355 877 quaestionibus
1373 806 1436 854 ex·

141 881 298 973 agitata,
333 877 542 970 quinetiam
563 877 750 948 tormentis
765 873 1017 948 excarnificato
1035 877 1108 968 (a),
1135 880 1170 950 bt
1192 879 1332 948 tandem
1352 879 1437 950 ulti·

144 997 206 1045 tuo
223 971 348 1044 affedla
365 973 569 1066 supplici03

190 1071 352 1159 Interea,
370 1069 454 1140 dum
474 1068 510 1139 in
528 1067 681 1159 uinculis
698 1066 936 1157 detineretur,
955 1067 1066 1139 literis
1084 1068 1285 1157 mandarit,
1304 1091 1384 1163 quae
1402 1069 1439 1141 in

143 1168 255 1262 prima
272 1166 441 1257 Judicum
462 1165 733 1261 percontatione
751 1162 910 1236 adversus
929 1167 1037 1260 ipsam
1050 1162 1439 1259 dictaautgellasuere,

142 1263 293 1355 Scripsit
315 1265 422 1334 etiam
442 1280 623 1333 certamen
642 1258 739 1356 quod
759 1279 885 1332 contra
903 1261 1019 1332 hostes
1040 1263 1198 1332 veritatis
1220 1260 1440 1355 postremum

141 1359 326 1450 sustinuit,
356 1358 463 1450 idque
481 1355 647 1452 praestitit
668 1377 797 1452 rogatu
817 1359 1012 1430 multorum
1034 1359 1216 1453 utriusque
1233 1359 1333 1429 sertus
1351 1357 1441 1431 fide·

142 1456 255 1547 lium,
282 1457 343 1551 qui
362 1456 481 1544 illam,
513 1453 682 1550 quamdiu
701 1454 738 1524 in
755 1451 915 1525 custodia
934 1453 1118 1543 manebat,
1146 1454 1363 1544 invisebant,
1388 1475 1443 1526 at·

140 1577 210 1647 que
228 1574 268 1624 ut
288 1553 324 1623 id
345 1550 478 1624 faceret
495 1551 537 1622 ad
558 1551 630 1621 Dei
649 1550 800 1646 gloriam
821 1551 857 1622 &
881 1549 1051 1622 Ecclesiae
1071 1551 1285 1640 utilitatem,
1314 1551 1443 1646 impel-

140 1649 261 1722 lebant
280 1648 361 1746 (ὃ),
398 1649 475 1721 Has
501 1648 614 1746 igitur
642 1647 782 1738 literas,
818 1648 856 1720 δι
884 1649 975 1720 hanc
1003 1648 1366 1738 commentationem,
1402 1666 1444 1720 ut

167 1767 290 1843 ropter
317 1747 368 1818 rei
389 1749 598 1818 memoriam
619 1742 679 1816 hic
698 1742 908 1837 inseramus,
933 1763 1180 1840 opportunum
1199 1745 1291 1836 erit,
1315 1767 1361 1816 ert
1379 1744 1443 1838 Ju-

139 1770 263 1917 Kaunis
281 1842 413 1923 FOXI
434 1843 546 1940 Angli
567 1842 643 1931 (c),
669 1840 911 1915 transsatione.
1185 1847 1186 1851 ’
1428 1902 1436 1917 .

187 1941 285 2036 Quae
314 1941 411 2035 quod
439 1941 483 2013 ad
511 1940 662 2037 primam
690 1937 963 2036 lnquifitionem
993 1939 1064 2012 five
1090 1939 1246 2034 primum
1273 1952 1446 2032 examen,

142 2037 245 2110 irase
265 2037 391 2109 habet:

189 2180 217 2218 „
245 2132 327 2200 Viri
354 2131 477 2200 fratres
502 2155 543 2200 ac
571 2125 845 2222 conjunstillimi
871 2130 906 2197 in
926 2128 1074 2202 Christo
1093 2129 1379 2222 commilitones,
1405 2152 1448 2207 tit

142 2276 170 2318 ‚,
195 2225 289 2294 votis
310 2222 433 2294 vestris
450 2245 492 2292 ac
512 2224 797 2316 flagitationibus
812 2220 1064 2315 respondeam
1094 2230 1321 2319 Ann01545.
1348 2251 1449 2300 men·

143 2372 171 2413 ,‚
196 2319 229 2392 se
258 2319 397 2393 Martio
424 2313 583 2412 primum
611 2317 647 2386 in
675 2317 851 2387 Praetorio
875 2318 1124 2412 ephippiario,
1159 2321 1220 2390 ubi
1239 2322 1374 2394 addesse
1388 2325 1448 2420 ju·

144 2467 173 2511 „
196 2417 307 2509 beor,
341 2415 441 2488 venir
466 2415 509 2486 ad
537 2434 595 2484 me
612 2434 701 2483 unus
719 2409 740 2484 ἐ
757 2411 948 2486 duodecim
969 2414 1242 2509 cognitoribus,
1268 2423 1329 2512 qui
1348 2441 1448 2513 quae·

144 2564 172 2607 „
198 2511 369 2586 trionibus
384 2511 591 2586 exercendis
609 2528 810 2607 praeerant,
831 2511 1114 2608 Cltristophorus
1133 2512 1284 2606 Darius,
1302 2532 1447 2611 rogant,
1483 2582 1495 2605 χ

1305 2663 1333 2703 ,,
1359 2634 1449 2688 aaut

187 2804 236 2886 (a)
260 2795 477 2869 BURNET.
500 2804 522 2862 l.
539 2819 569 2862 c.
589 2796 731 2864 sol.186.
750 2794 820 2878 187.
850 2799 904 2882 qui
930 2801 960 2866 u
986 2801 1066 2866 illud
1083 2802 1191 2868 ltabctz
1222 2852 1245 2885 „
1263 2804 1364 2889 Quod
1381 2818 1450 2872 tor·

148 2935 169 2971 „
186 2889 299 2952 mentis
312 2885 489 2950 examinata
503 2882 614 2959 fuerit,
639 2898 723 2946 extra
739 2885 869 2948 dubium
887 2882 948 2962 est,
965 2885 994 2950 id
1012 2886 1095 2950 enim
1112 2888 1142 2949 in
1159 2901 1235 2951 auto
1259 2891 1353 2971 rapbu
1362 2889 1449 2956 diarii

147 3021 168 3054 „
187 2971 265 3036 areis
291 2965 499 3033 Loudiueusts
523 2966 561 3029 ab
577 2964 742 3029 Antltunio
759 2968 910 3032 Anthonii
926 2968 1090 3052 conscripti
1107 2971 1202 3053 reperi
1212 2990 1220 3035 :
1236 2907 1355 3038 boias
1372 2973 1452 3040 verb

149 3104 171 3137 „
188 3051 450 3119 circumstantiam
477 3049 635 3130 quandem
659 3066 797 3128 enarrat,
830 3071 900 3132 que
924 3052 1021 3116 fidem
1038 3053 1179 3135 superare
1196 3054 1340 3136 videtur,
1364 3057 1454 3139 quod

150 3185 173 3217 „
191 3135 407 3199 Cancellarius
430 3124 579 3215 praeaaa
596 3133 745 3211 carceris,
771 3144 803 3195 ut
821 3133 962 3196 fidiculas
981 3137 1078 3218 magis
1096 3137 1253 3218 tenderet,
1276 3139 1450 3220 mandarit,

152 3266 173 3300 „
190 3216 337 3299 preteuo
352 3232 458 3281 autem
475 3215 505 3278 id
520 3214 622 3278 facere
635 3212 814 3295 recusante,
833 3213 1068 3298 Cancellarius,
1084 3228 1176 3284 exuta
1190 3236 1279 3302 toga,
1297 3228 1454 3288 tormenta

150 3350 172 3384 „
189 3301 363 3383 capessens,
385 3300 508 3364 tortoris
526 3297 691 3362 ministerio
707 3312 790 3360 tanta
806 3296 961 3377 asperitate
978 3300 1158 3381 perfunditis
1175 3295 1285 3380 fuerit,
1310 3320 1344 3367 ut
1356 3304 1453 3388 ruptis

153 3416 178 3468 „-
192 3402 278 3465 paene
302 3387 447 3461 artubus,
470 3383 506 3446 ab
523 3382 586 3462 ipla
602 3396 705 3443 morte
725 3396 830 3461 parum
847 3379 976 3442 abluerit
996 3383 1153 3460 Aslrewa,
1179 3385 1240 3468 ipsa
1256 3387 1380 3453 iuterim
1397 3409 1453 3454 ne·

154 3513 175 3549 „
198 3470 369 3549 quicquam
394 3466 586 3544 confitente,
618 3461 669 3526 sed
694 3463 830 3528 inaudita
846 3463 987 3544 patientia
1004 3465 1034 3529 ἃ
1051 3468 1222 3534 constantia
1238 3471 1365 3537 dolores
1380 3472 1454 3540 illor

154 3598 176 3631 ,‚
193 3555 353 3614 tolerante.
382 3545 447 3632 lpse
462 3547 554 3630 Rex,
577 3551 643 3611 haec
659 3547 785 3612 audiens
803 3546 1017 3613 crudelitatem
1028 3547 1216 3617 Cancellarii
1233 3556 1456 3637 reprehendisse

154 3683 177 3715 „
192 3650 229 3694 ae
253 3631 435 3712 praet'etlum
458 3630 613 3697 excusasse
630 3630 759 3706 dicitur;
784 3630 884 3712 Quod
902 3629 922 3693 si
939 3650 1013 3714 vera
1029 3633 1106 3712 saut,
1129 3657 1201 3716 quaa
1218 3636 1327 3704 Fortis
1345 3659 1454 3705 recen·

156 3765 178 3800 „
196 3712 256 3792 set,
276 3726 356 3796 patet
371 3712 460 3791 inde,
477 3715 546 3793 quis
565 3715 598 3777 srt
616 3712 859 3778 Pontificiorum
874 3713 982 3796 genius
1000 3714 1029 3780 dt
1044 3735 1235 3801 quantopere
1249 3723 1390 3809 ipsorum
1406 3742 1455 3789 re-

154 3849 176 3885 „
196 3797 268 3879 ligio
285 3796 375 3860 etiam
393 3794 579 3860 nob’iliffrma
594 3812 746 3877 pervertat
761 3797 892 3883 ingenia.
909 3847 931 3882 „

196 3889 250 3971 (b)
273 3887 337 3951 vid.
363 3884 441 3947 Aeta
457 3883 497 3956 {9³
514 3882 780 3976 Monimrmarryr.
799 3889 926 3955 Gener.
940 3889 1033 3970 1560.
1052 3910 1083 3972 4.
1098 3891 1271 3977 f01.141.a

195 3983 248 4065 (c)
272 3977 383 4047 FOX.
406 3976 595 4048 comment.
609 3999 670 4048 rer.
685 3981 793 4068 gestat.
812 3982 954 4053 forme.
974 3985 1004 4050 u
1023 3985 1088 4068 seq.
