<?xml version="1.0" encoding="UTF-8"?>
<!DOCTYPE html PUBLIC "-//W3C//DTD XHTML 1.0 Transitional//EN"
    "http://www.w3.org/TR/xhtml1/DTD/xhtml1-transitional.dtd">
<html xmlns="http://www.w3.org/1999/xhtml" xml:lang="en" lang="en">
 <head>
  <title>
</title>
<meta http-equiv="Content-Type" content="text/html;charset=utf-8" />
  <meta name='ocr-system' content='tesseract 3.04.00' />
  <meta name='ocr-capabilities' content='ocr_page ocr_carea ocr_par ocr_line ocrx_word'/>
</head>
<body>
  <div class='ocr_page' id='page_1' title='image "./introductioinhi02gerdgoog_0358.png"; bbox 0 0 3322 4456; ppageno 0'>
   <div class='ocr_carea' id='block_1_1' title="bbox 171 288 1468 426">
    <p class='ocr_par' dir='ltr' id='par_1_1' title="bbox 171 288 1468 426">
     <span class='ocr_line' id='line_1_1' title="bbox 171 288 1468 426; baseline -0.015 -19"><span class='ocrx_word' id='word_1_1' title='bbox 171 333 336 426; x_wconf 55' lang='lat' dir='ltr'>nme</span> <span class='ocrx_word' id='word_1_2' title='bbox 499 288 1135 406; x_wconf 73' lang='lat' dir='ltr'>nuuovnvt</span> <span class='ocrx_word' id='word_1_3' title='bbox 1398 329 1468 409; x_wconf 62' lang='lat' dir='ltr'>aa</span> 
     </span>
    </p>
   </div>
   <div class='ocr_carea' id='block_1_2' title="bbox 116 441 1470 3733">
    <p class='ocr_par' dir='ltr' id='par_1_2' title="bbox 116 441 1470 3733">
     <span class='ocr_line' id='line_1_2' title="bbox 219 441 1466 555; baseline -0.014 -24"><span class='ocrx_word' id='word_1_4' title='bbox 219 459 317 532; x_wconf 82' lang='lat' dir='ltr'>later</span> <span class='ocrx_word' id='word_1_5' title='bbox 342 453 429 530; x_wconf 87' lang='lat' dir='ltr'>alios</span> <span class='ocrx_word' id='word_1_6' title='bbox 452 454 601 549; x_wconf 87' lang='lat' dir='ltr'>juvenes</span> <span class='ocrx_word' id='word_1_7' title='bbox 629 453 786 544; x_wconf 89' lang='lat' dir='ltr'>nobiles,</span> <span class='ocrx_word' id='word_1_8' title='bbox 821 452 920 526; x_wconf 84' lang='lat' dir='ltr'>venit</span> <span class='ocrx_word' id='word_1_9' title='bbox 944 450 986 522; x_wconf 89' lang='lat' dir='ltr'>ad</span> <span class='ocrx_word' id='word_1_10' title='bbox 1013 443 1236 522; x_wconf 87' lang='lat' dir='ltr'>Cardinalem</span> <span class='ocrx_word' id='word_1_11' title='bbox 1256 441 1466 555; x_wconf 74' lang='lat' dir='ltr'>Normanus</span> 
     </span>
     <span class='ocr_line' id='line_1_3' title="bbox 171 541 1465 642; baseline -0.009 -18"><span class='ocrx_word' id='word_1_12' title='bbox 171 553 332 640; x_wconf 89' lang='lat' dir='ltr'>Leslius,</span> <span class='ocrx_word' id='word_1_13' title='bbox 368 549 524 622; x_wconf 88' lang='lat' dir='ltr'>Comitis</span> <span class='ocrx_word' id='word_1_14' title='bbox 550 547 741 621; x_wconf 85' lang='lat' dir='ltr'>Rothusrae</span> <span class='ocrx_word' id='word_1_15' title='bbox 769 547 886 639; x_wconf 84' lang='lat' dir='ltr'>lilius,</span> <span class='ocrx_word' id='word_1_16' title='bbox 920 549 1023 642; x_wconf 88' lang='lat' dir='ltr'>cujus</span> <span class='ocrx_word' id='word_1_17' title='bbox 1050 561 1152 614; x_wconf 82' lang='lat' dir='ltr'>antea</span> <span class='ocrx_word' id='word_1_18' title='bbox 1168 565 1189 612; x_wconf 87' lang='lat' dir='ltr'>a</span> <span class='ocrx_word' id='word_1_19' title='bbox 1206 541 1309 612; x_wconf 82' lang='lat' dir='ltr'>nobis</span> <span class='ocrx_word' id='word_1_20' title='bbox 1326 557 1465 612; x_wconf 82' lang='lat' dir='ltr'>mentio</span> 
     </span>
     <span class='ocr_line' id='line_1_4' title="bbox 172 633 1463 736; baseline -0.01 -15"><span class='ocrx_word' id='word_1_21' title='bbox 172 673 245 721; x_wconf 93' lang='lat' dir='ltr'>non</span> <span class='ocrx_word' id='word_1_22' title='bbox 268 646 370 721; x_wconf 89' lang='lat' dir='ltr'>semel</span> <span class='ocrx_word' id='word_1_23' title='bbox 390 643 480 716; x_wconf 69' lang='lat' dir='ltr'>fabia</span> <span class='ocrx_word' id='word_1_24' title='bbox 498 643 560 716; x_wconf 88' lang='lat' dir='ltr'>cst.</span> <span class='ocrx_word' id='word_1_25' title='bbox 604 645 638 714; x_wconf 89' lang='lat' dir='ltr'>ls</span> <span class='ocrx_word' id='word_1_26' title='bbox 658 668 739 716; x_wconf 92' lang='lat' dir='ltr'>cum</span> <span class='ocrx_word' id='word_1_27' title='bbox 759 642 852 736; x_wconf 86' lang='lat' dir='ltr'>saepe</span> <span class='ocrx_word' id='word_1_28' title='bbox 869 665 948 716; x_wconf 90' lang='lat' dir='ltr'>ante</span> <span class='ocrx_word' id='word_1_29' title='bbox 966 641 1147 714; x_wconf 88' lang='lat' dir='ltr'>Cardinali</span> <span class='ocrx_word' id='word_1_30' title='bbox 1166 638 1296 708; x_wconf 86' lang='lat' dir='ltr'>fortem</span> <span class='ocrx_word' id='word_1_31' title='bbox 1315 636 1352 709; x_wconf 72' lang='grc' dir='ltr'>ὃ(</span> <span class='ocrx_word' id='word_1_32' title='bbox 1371 633 1463 709; x_wconf 86' lang='lat' dir='ltr'>fide·</span> 
     </span>
     <span class='ocr_line' id='line_1_5' title="bbox 116 733 1463 834; baseline -0.007 -19"><span class='ocrx_word' id='word_1_33' title='bbox 116 818 118 824; x_wconf 75' lang='grc'>,</span> <span class='ocrx_word' id='word_1_34' title='bbox 172 744 241 817; x_wconf 90' lang='lat' dir='ltr'>lem</span> <span class='ocrx_word' id='word_1_35' title='bbox 270 741 420 814; x_wconf 83' lang='lat' dir='ltr'>navasset</span> <span class='ocrx_word' id='word_1_36' title='bbox 446 764 610 834; x_wconf 87' lang='lat' dir='ltr'>opernm,</span> <span class='ocrx_word' id='word_1_37' title='bbox 645 740 771 811; x_wconf 90' lang='lat' dir='ltr'>incidit</span> <span class='ocrx_word' id='word_1_38' title='bbox 794 742 886 813; x_wconf 90' lang='lat' dir='ltr'>inter</span> <span class='ocrx_word' id='word_1_39' title='bbox 903 765 963 812; x_wconf 90' lang='lat' dir='ltr'>eos</span> <span class='ocrx_word' id='word_1_40' title='bbox 980 734 1169 810; x_wconf 89' lang='lat' dir='ltr'>contentio</span> <span class='ocrx_word' id='word_1_41' title='bbox 1187 733 1231 805; x_wconf 93' lang='lat' dir='ltr'>de</span> <span class='ocrx_word' id='word_1_42' title='bbox 1248 755 1286 804; x_wconf 87' lang='lat' dir='ltr'>re</span> <span class='ocrx_word' id='word_1_43' title='bbox 1303 734 1463 826; x_wconf 77' lang='lat' dir='ltr'>privata,</span> 
     </span>
     <span class='ocr_line' id='line_1_6' title="bbox 171 830 1463 934; baseline -0.008 -24"><span class='ocrx_word' id='word_1_44' title='bbox 171 865 252 934; x_wconf 82' lang='lat' dir='ltr'>quoe</span> <span class='ocrx_word' id='word_1_45' title='bbox 278 839 321 910; x_wconf 83' lang='lat' dir='ltr'>ad</span> <span class='ocrx_word' id='word_1_46' title='bbox 348 837 489 932; x_wconf 89' lang='lat' dir='ltr'>tempus</span> <span class='ocrx_word' id='word_1_47' title='bbox 514 838 651 906; x_wconf 88' lang='lat' dir='ltr'>animos</span> <span class='ocrx_word' id='word_1_48' title='bbox 678 836 841 907; x_wconf 88' lang='lat' dir='ltr'>nonnihil</span> <span class='ocrx_word' id='word_1_49' title='bbox 865 836 1050 908; x_wconf 89' lang='lat' dir='ltr'>alienavit:</span> <span class='ocrx_word' id='word_1_50' title='bbox 1079 831 1136 903; x_wconf 88' lang='lat' dir='ltr'>sed</span> <span class='ocrx_word' id='word_1_51' title='bbox 1153 854 1191 902; x_wconf 87' lang='lat' dir='ltr'>ea</span> <span class='ocrx_word' id='word_1_52' title='bbox 1211 830 1298 918; x_wconf 90' lang='lat' dir='ltr'>lite,</span> <span class='ocrx_word' id='word_1_53' title='bbox 1324 830 1463 922; x_wconf 76' lang='lat' dir='ltr'>magnis</span> 
     </span>
     <span class='ocr_line' id='line_1_7' title="bbox 171 925 1462 1029; baseline -0.011 -23"><span class='ocrx_word' id='word_1_54' title='bbox 171 935 493 1029; x_wconf 82' lang='lat' dir='ltr'>pollicitationibus</span> <span class='ocrx_word' id='word_1_55' title='bbox 520 930 707 1021; x_wconf 74' lang='lat' dir='ltr'>inductus,</span> <span class='ocrx_word' id='word_1_56' title='bbox 752 933 961 1004; x_wconf 86' lang='lat' dir='ltr'>Normanus</span> <span class='ocrx_word' id='word_1_57' title='bbox 986 927 1142 1002; x_wconf 83' lang='lat' dir='ltr'>cesserat.</span> <span class='ocrx_word' id='word_1_58' title='bbox 1192 925 1327 996; x_wconf 89' lang='lat' dir='ltr'>Verum</span> <span class='ocrx_word' id='word_1_59' title='bbox 1356 946 1462 1016; x_wconf 87' lang='lat' dir='ltr'>cum,</span> 
     </span>
     <span class='ocr_line' id='line_1_8' title="bbox 174 1015 1463 1124; baseline -0.005 -25"><span class='ocrx_word' id='word_1_60' title='bbox 174 1031 253 1121; x_wconf 85' lang='lat' dir='ltr'>poll</span> <span class='ocrx_word' id='word_1_61' title='bbox 279 1031 416 1122; x_wconf 84' lang='lat' dir='ltr'>aliquot</span> <span class='ocrx_word' id='word_1_62' title='bbox 444 1031 595 1118; x_wconf 87' lang='lat' dir='ltr'>menses,</span> <span class='ocrx_word' id='word_1_63' title='bbox 629 1029 671 1098; x_wconf 92' lang='lat' dir='ltr'>ad</span> <span class='ocrx_word' id='word_1_64' title='bbox 691 1033 879 1122; x_wconf 87' lang='lat' dir='ltr'>repetenda</span> <span class='ocrx_word' id='word_1_65' title='bbox 897 1024 1061 1124; x_wconf 81' lang='lat' dir='ltr'>promissa</span> <span class='ocrx_word' id='word_1_66' title='bbox 1079 1021 1241 1111; x_wconf 82' lang='lat' dir='ltr'>redisset,</span> <span class='ocrx_word' id='word_1_67' title='bbox 1266 1043 1285 1090; x_wconf 90' lang='lat' dir='ltr'>e</span> <span class='ocrx_word' id='word_1_68' title='bbox 1303 1015 1463 1092; x_wconf 88' lang='lat' dir='ltr'>sermone</span> 
     </span>
     <span class='ocr_line' id='line_1_9' title="bbox 170 1117 1462 1215; baseline -0.01 -18"><span class='ocrx_word' id='word_1_69' title='bbox 170 1127 207 1196; x_wconf 91' lang='lat' dir='ltr'>in</span> <span class='ocrx_word' id='word_1_70' title='bbox 225 1126 513 1215; x_wconf 82' lang='lat' dir='ltr'>altercationem,</span> <span class='ocrx_word' id='word_1_71' title='bbox 539 1148 580 1195; x_wconf 90' lang='lat' dir='ltr'>ac</span> <span class='ocrx_word' id='word_1_72' title='bbox 598 1122 744 1213; x_wconf 89' lang='lat' dir='ltr'>deinde,</span> <span class='ocrx_word' id='word_1_73' title='bbox 765 1129 881 1198; x_wconf 87' lang='lat' dir='ltr'>neutri</span> <span class='ocrx_word' id='word_1_74' title='bbox 900 1126 977 1197; x_wconf 88' lang='lat' dir='ltr'>satis</span> <span class='ocrx_word' id='word_1_75' title='bbox 993 1124 1144 1210; x_wconf 89' lang='lat' dir='ltr'>decora,</span> <span class='ocrx_word' id='word_1_76' title='bbox 1162 1117 1462 1190; x_wconf 82' lang='lat' dir='ltr'>incideruntcon·</span> 
     </span>
     <span class='ocr_line' id='line_1_10' title="bbox 172 1211 1464 1319; baseline -0.008 -26"><span class='ocrx_word' id='word_1_77' title='bbox 172 1225 280 1294; x_wconf 88' lang='lat' dir='ltr'>vitia:</span> <span class='ocrx_word' id='word_1_78' title='bbox 315 1219 611 1313; x_wconf 80' lang='lat' dir='ltr'>discesseruntque</span> <span class='ocrx_word' id='word_1_79' title='bbox 637 1223 804 1314; x_wconf 88' lang='lat' dir='ltr'>utrinque</span> <span class='ocrx_word' id='word_1_80' title='bbox 821 1224 944 1295; x_wconf 87' lang='lat' dir='ltr'>animis</span> <span class='ocrx_word' id='word_1_81' title='bbox 961 1215 1213 1293; x_wconf 79' lang='lat' dir='ltr'>infensissimis:</span> <span class='ocrx_word' id='word_1_82' title='bbox 1241 1211 1464 1319; x_wconf 76' lang='lat' dir='ltr'>cardinalis,</span> 
     </span>
     <span class='ocr_line' id='line_1_11' title="bbox 172 1307 1463 1413; baseline -0.008 -24"><span class='ocrx_word' id='word_1_83' title='bbox 172 1343 244 1392; x_wconf 86' lang='lat' dir='ltr'>aon</span> <span class='ocrx_word' id='word_1_84' title='bbox 262 1341 366 1413; x_wconf 89' lang='lat' dir='ltr'>quam</span> <span class='ocrx_word' id='word_1_85' title='bbox 383 1316 528 1388; x_wconf 89' lang='lat' dir='ltr'>volebat</span> <span class='ocrx_word' id='word_1_86' title='bbox 547 1338 746 1388; x_wconf 85' lang='lat' dir='ltr'>reverenter</span> <span class='ocrx_word' id='word_1_87' title='bbox 763 1316 952 1407; x_wconf 72' lang='lat' dir='ltr'>tradentur,</span> <span class='ocrx_word' id='word_1_88' title='bbox 979 1308 1286 1409; x_wconf 71' lang='lat' dir='ltr'>indignabundus?</span> <span class='ocrx_word' id='word_1_89' title='bbox 1304 1307 1463 1401; x_wconf 62' lang='lat' dir='ltr'>biristet,</span> 
     </span>
     <span class='ocr_line' id='line_1_12' title="bbox 171 1404 1464 1506; baseline -0.009 -19"><span class='ocrx_word' id='word_1_90' title='bbox 171 1415 271 1487; x_wconf 91' lang='lat' dir='ltr'>velut</span> <span class='ocrx_word' id='word_1_91' title='bbox 297 1412 419 1489; x_wconf 84' lang='lat' dir='ltr'>fraude</span> <span class='ocrx_word' id='word_1_92' title='bbox 444 1416 731 1503; x_wconf 85' lang='lat' dir='ltr'>circumventus,</span> <span class='ocrx_word' id='word_1_93' title='bbox 766 1417 1024 1506; x_wconf 84' lang='lat' dir='ltr'>minabundus,</span> <span class='ocrx_word' id='word_1_94' title='bbox 1051 1418 1087 1485; x_wconf 75' lang='lat' dir='ltr'>dt</span> <span class='ocrx_word' id='word_1_95' title='bbox 1114 1414 1151 1482; x_wconf 93' lang='lat' dir='ltr'>in</span> <span class='ocrx_word' id='word_1_96' title='bbox 1169 1404 1359 1483; x_wconf 74' lang='lat' dir='ltr'>vindidlam</span> <span class='ocrx_word' id='word_1_97' title='bbox 1379 1427 1464 1500; x_wconf 88' lang='lat' dir='ltr'>pto·</span> 
     </span>
     <span class='ocr_line' id='line_1_13' title="bbox 170 1503 1462 1602; baseline -0.006 -19"><span class='ocrx_word' id='word_1_98' title='bbox 170 1536 235 1584; x_wconf 93' lang='lat' dir='ltr'>nus</span> <span class='ocrx_word' id='word_1_99' title='bbox 261 1511 304 1583; x_wconf 92' lang='lat' dir='ltr'>ad</span> <span class='ocrx_word' id='word_1_100' title='bbox 324 1512 402 1585; x_wconf 91' lang='lat' dir='ltr'>suos</span> <span class='ocrx_word' id='word_1_101' title='bbox 419 1510 547 1602; x_wconf 88' lang='lat' dir='ltr'>rediit,</span> <span class='ocrx_word' id='word_1_102' title='bbox 572 1510 610 1584; x_wconf 74' lang='grc' dir='ltr'>ὅ(</span> <span class='ocrx_word' id='word_1_103' title='bbox 629 1512 882 1585; x_wconf 85' lang='lat' dir='ltr'>intolerandam</span> <span class='ocrx_word' id='word_1_104' title='bbox 903 1508 1098 1586; x_wconf 86' lang='lat' dir='ltr'>Cardinalis</span> <span class='ocrx_word' id='word_1_105' title='bbox 1116 1504 1312 1601; x_wconf 78' lang='lat' dir='ltr'>superbiam</span> <span class='ocrx_word' id='word_1_106' title='bbox 1331 1503 1462 1575; x_wconf 77' lang='lat' dir='ltr'>ciser-</span> 
     </span>
     <span class='ocr_line' id='line_1_14' title="bbox 172 1602 1464 1704; baseline -0.005 -25"><span class='ocrx_word' id='word_1_107' title='bbox 172 1608 302 1703; x_wconf 89' lang='lat' dir='ltr'>posuit.</span> <span class='ocrx_word' id='word_1_108' title='bbox 344 1607 465 1679; x_wconf 86' lang='lat' dir='ltr'>Facile</span> <span class='ocrx_word' id='word_1_109' title='bbox 491 1627 612 1678; x_wconf 88' lang='lat' dir='ltr'>omnes</span> <span class='ocrx_word' id='word_1_110' title='bbox 637 1607 673 1678; x_wconf 96' lang='lat' dir='ltr'>in</span> <span class='ocrx_word' id='word_1_111' title='bbox 700 1609 836 1680; x_wconf 89' lang='lat' dir='ltr'>caedem</span> <span class='ocrx_word' id='word_1_112' title='bbox 858 1611 934 1704; x_wconf 75' lang='lat' dir='ltr'>ejus</span> <span class='ocrx_word' id='word_1_113' title='bbox 948 1608 1203 1701; x_wconf 85' lang='lat' dir='ltr'>conjurarunt:</span> <span class='ocrx_word' id='word_1_114' title='bbox 1232 1602 1291 1692; x_wconf 78' lang='lat' dir='ltr'>dt,</span> <span class='ocrx_word' id='word_1_115' title='bbox 1318 1620 1464 1694; x_wconf 79' lang='lat' dir='ltr'>quotes</span> 
     </span>
     <span class='ocr_line' id='line_1_15' title="bbox 169 1695 1464 1801; baseline -0.002 -28"><span class='ocrx_word' id='word_1_116' title='bbox 169 1707 285 1775; x_wconf 90' lang='lat' dir='ltr'>minus</span> <span class='ocrx_word' id='word_1_117' title='bbox 302 1702 394 1776; x_wconf 89' lang='lat' dir='ltr'>soret</span> <span class='ocrx_word' id='word_1_118' title='bbox 411 1701 583 1798; x_wconf 68' lang='lat' dir='ltr'>suspesla,</span> <span class='ocrx_word' id='word_1_119' title='bbox 613 1702 819 1778; x_wconf 87' lang='lat' dir='ltr'>Normanus</span> <span class='ocrx_word' id='word_1_120' title='bbox 837 1697 918 1779; x_wconf 85' lang='lat' dir='ltr'>cum</span> <span class='ocrx_word' id='word_1_121' title='bbox 938 1706 1094 1801; x_wconf 89' lang='lat' dir='ltr'>quinque</span> <span class='ocrx_word' id='word_1_122' title='bbox 1113 1721 1251 1773; x_wconf 92' lang='lat' dir='ltr'>tantum</span> <span class='ocrx_word' id='word_1_123' title='bbox 1269 1695 1464 1771; x_wconf 75' lang='lat' dir='ltr'>comitibus</span> 
     </span>
     <span class='ocr_line' id='line_1_16' title="bbox 168 1793 1463 1897; baseline -0.005 -25"><span class='ocrx_word' id='word_1_124' title='bbox 168 1800 304 1873; x_wconf 85' lang='lat' dir='ltr'>Fanum</span> <span class='ocrx_word' id='word_1_125' title='bbox 329 1801 483 1873; x_wconf 79' lang='lat' dir='ltr'>Andreae</span> <span class='ocrx_word' id='word_1_126' title='bbox 501 1799 694 1897; x_wconf 73' lang='lat' dir='ltr'>nigrellus,</span> <span class='ocrx_word' id='word_1_127' title='bbox 720 1801 982 1877; x_wconf 89' lang='lat' dir='ltr'>inconsuetum</span> <span class='ocrx_word' id='word_1_128' title='bbox 1003 1797 1233 1878; x_wconf 86' lang='lat' dir='ltr'>diversorium</span> <span class='ocrx_word' id='word_1_129' title='bbox 1253 1794 1286 1867; x_wconf 85' lang='lat' dir='ltr'>se</span> <span class='ocrx_word' id='word_1_130' title='bbox 1304 1793 1463 1887; x_wconf 90' lang='lat' dir='ltr'>recepit,</span> 
     </span>
     <span class='ocr_line' id='line_1_17' title="bbox 169 1889 1464 1994; baseline -0.003 -25"><span class='ocrx_word' id='word_1_131' title='bbox 169 1920 211 1970; x_wconf 92' lang='lat' dir='ltr'>ut</span> <span class='ocrx_word' id='word_1_132' title='bbox 237 1921 277 1969; x_wconf 90' lang='lat' dir='ltr'>ca</span> <span class='ocrx_word' id='word_1_133' title='bbox 294 1899 472 1994; x_wconf 87' lang='lat' dir='ltr'>paucitate</span> <span class='ocrx_word' id='word_1_134' title='bbox 490 1898 597 1969; x_wconf 85' lang='lat' dir='ltr'>caedis</span> <span class='ocrx_word' id='word_1_135' title='bbox 616 1899 802 1972; x_wconf 85' lang='lat' dir='ltr'>confilium</span> <span class='ocrx_word' id='word_1_136' title='bbox 823 1900 1104 1975; x_wconf 83' lang='lat' dir='ltr'>diffimularetur.</span> <span class='ocrx_word' id='word_1_137' title='bbox 1141 1897 1253 1968; x_wconf 89' lang='lat' dir='ltr'>Erant</span> <span class='ocrx_word' id='word_1_138' title='bbox 1271 1897 1306 1964; x_wconf 93' lang='lat' dir='ltr'>in</span> <span class='ocrx_word' id='word_1_139' title='bbox 1325 1889 1464 1988; x_wconf 88' lang='lat' dir='ltr'>oppido</span> 
     </span>
     <span class='ocr_line' id='line_1_18' title="bbox 169 1990 1464 2091; baseline -0.005 -25"><span class='ocrx_word' id='word_1_140' title='bbox 169 2015 341 2091; x_wconf 86' lang='lat' dir='ltr'>praetcrea</span> <span class='ocrx_word' id='word_1_141' title='bbox 358 1994 480 2066; x_wconf 89' lang='lat' dir='ltr'>decem</span> <span class='ocrx_word' id='word_1_142' title='bbox 499 2018 543 2065; x_wconf 85' lang='lat' dir='ltr'>ex</span> <span class='ocrx_word' id='word_1_143' title='bbox 562 1997 820 2091; x_wconf 88' lang='lat' dir='ltr'>conjurationis</span> <span class='ocrx_word' id='word_1_144' title='bbox 837 1998 1010 2086; x_wconf 91' lang='lat' dir='ltr'>consciis,</span> <span class='ocrx_word' id='word_1_145' title='bbox 1036 1994 1120 2088; x_wconf 89' lang='lat' dir='ltr'>qui,</span> <span class='ocrx_word' id='word_1_146' title='bbox 1145 1993 1203 2065; x_wconf 88' lang='lat' dir='ltr'>alii</span> <span class='ocrx_word' id='word_1_147' title='bbox 1221 1991 1291 2063; x_wconf 89' lang='lat' dir='ltr'>alio</span> <span class='ocrx_word' id='word_1_148' title='bbox 1305 1991 1341 2060; x_wconf 94' lang='lat' dir='ltr'>in</span> <span class='ocrx_word' id='word_1_149' title='bbox 1356 1990 1464 2081; x_wconf 88' lang='lat' dir='ltr'>loco,</span> 
     </span>
     <span class='ocr_line' id='line_1_19' title="bbox 168 2089 1465 2187; baseline 0.001 -28"><span class='ocrx_word' id='word_1_150' title='bbox 168 2093 220 2161; x_wconf 88' lang='lat' dir='ltr'>rei</span> <span class='ocrx_word' id='word_1_151' title='bbox 247 2090 497 2184; x_wconf 77' lang='lat' dir='ltr'>aggrediendae</span> <span class='ocrx_word' id='word_1_152' title='bbox 523 2089 661 2185; x_wconf 82' lang='lat' dir='ltr'>signum</span> <span class='ocrx_word' id='word_1_153' title='bbox 687 2091 949 2187; x_wconf 78' lang='lat' dir='ltr'>exspectabant.</span> <span class='ocrx_word' id='word_1_154' title='bbox 990 2095 1087 2164; x_wconf 90' lang='lat' dir='ltr'>Cum</span> <span class='ocrx_word' id='word_1_155' title='bbox 1116 2090 1181 2162; x_wconf 91' lang='lat' dir='ltr'>hac</span> <span class='ocrx_word' id='word_1_156' title='bbox 1200 2111 1305 2161; x_wconf 89' lang='lat' dir='ltr'>manu</span> <span class='ocrx_word' id='word_1_157' title='bbox 1323 2106 1465 2159; x_wconf 86' lang='lat' dir='ltr'>tantum</span> 
     </span>
     <span class='ocr_line' id='line_1_20' title="bbox 170 2181 1465 2283; baseline 0.003 -31"><span class='ocrx_word' id='word_1_158' title='bbox 170 2181 306 2254; x_wconf 88' lang='lat' dir='ltr'>facinus</span> <span class='ocrx_word' id='word_1_159' title='bbox 323 2182 423 2252; x_wconf 90' lang='lat' dir='ltr'>obire</span> <span class='ocrx_word' id='word_1_160' title='bbox 440 2184 490 2253; x_wconf 88' lang='lat' dir='ltr'>est</span> <span class='ocrx_word' id='word_1_161' title='bbox 510 2185 631 2274; x_wconf 88' lang='lat' dir='ltr'>ausus,</span> <span class='ocrx_word' id='word_1_162' title='bbox 657 2188 693 2255; x_wconf 91' lang='lat' dir='ltr'>in</span> <span class='ocrx_word' id='word_1_163' title='bbox 712 2187 850 2279; x_wconf 92' lang='lat' dir='ltr'>oppido</span> <span class='ocrx_word' id='word_1_164' title='bbox 869 2193 974 2280; x_wconf 92' lang='lat' dir='ltr'>pleno</span> <span class='ocrx_word' id='word_1_165' title='bbox 993 2189 1279 2283; x_wconf 88' lang='lat' dir='ltr'>propinquorum</span> <span class='ocrx_word' id='word_1_166' title='bbox 1299 2184 1335 2256; x_wconf 70' lang='grc' dir='ltr'>ὃ(</span> <span class='ocrx_word' id='word_1_167' title='bbox 1352 2185 1465 2256; x_wconf 86' lang='lat' dir='ltr'>clien-</span> 
     </span>
     <span class='ocr_line' id='line_1_21' title="bbox 171 2275 1466 2376; baseline 0.002 -27"><span class='ocrx_word' id='word_1_168' title='bbox 171 2278 263 2349; x_wconf 89' lang='lat' dir='ltr'>tium</span> <span class='ocrx_word' id='word_1_169' title='bbox 292 2275 502 2350; x_wconf 88' lang='lat' dir='ltr'>Cardinalis.</span> <span class='ocrx_word' id='word_1_170' title='bbox 546 2277 657 2349; x_wconf 89' lang='lat' dir='ltr'>Erant</span> <span class='ocrx_word' id='word_1_171' title='bbox 683 2298 784 2369; x_wconf 91' lang='lat' dir='ltr'>tum,</span> <span class='ocrx_word' id='word_1_172' title='bbox 819 2299 858 2351; x_wconf 91' lang='lat' dir='ltr'>ut</span> <span class='ocrx_word' id='word_1_173' title='bbox 877 2285 913 2353; x_wconf 91' lang='lat' dir='ltr'>in</span> <span class='ocrx_word' id='word_1_174' title='bbox 932 2281 1000 2353; x_wconf 92' lang='lat' dir='ltr'>illis</span> <span class='ocrx_word' id='word_1_175' title='bbox 1016 2284 1244 2376; x_wconf 84' lang='lat' dir='ltr'>regionibus,</span> <span class='ocrx_word' id='word_1_176' title='bbox 1270 2301 1353 2350; x_wconf 91' lang='lat' dir='ltr'>vere</span> <span class='ocrx_word' id='word_1_177' title='bbox 1370 2301 1466 2374; x_wconf 81' lang='lat' dir='ltr'>prae·</span> 
     </span>
     <span class='ocr_line' id='line_1_22' title="bbox 172 2370 1466 2472; baseline -0.001 -27"><span class='ocrx_word' id='word_1_178' title='bbox 172 2374 300 2468; x_wconf 88' lang='lat' dir='ltr'>cipiti,</span> <span class='ocrx_word' id='word_1_179' title='bbox 331 2372 405 2446; x_wconf 86' lang='lat' dir='ltr'>dics</span> <span class='ocrx_word' id='word_1_180' title='bbox 432 2370 644 2469; x_wconf 82' lang='lat' dir='ltr'>longissimi,</span> <span class='ocrx_word' id='word_1_181' title='bbox 678 2397 807 2470; x_wconf 90' lang='lat' dir='ltr'>nempe</span> <span class='ocrx_word' id='word_1_182' title='bbox 825 2378 971 2456; x_wconf 83' lang='lat' dir='ltr'>circiter</span> <span class='ocrx_word' id='word_1_183' title='bbox 988 2377 1081 2472; x_wconf 87' lang='lat' dir='ltr'>Maji</span> <span class='ocrx_word' id='word_1_184' title='bbox 1103 2376 1252 2448; x_wconf 86' lang='lat' dir='ltr'>Nonas:</span> <span class='ocrx_word' id='word_1_185' title='bbox 1280 2376 1317 2448; x_wconf 71' lang='grc' dir='ltr'><strong>ἃ</strong></span> <span class='ocrx_word' id='word_1_186' title='bbox 1337 2372 1466 2447; x_wconf 86' lang='lat' dir='ltr'>Cardi-</span> 
     </span>
     <span class='ocr_line' id='line_1_23' title="bbox 170 2467 1466 2566; baseline 0.001 -24"><span class='ocrx_word' id='word_1_187' title='bbox 170 2470 259 2542; x_wconf 88' lang='lat' dir='ltr'>nalis</span> <span class='ocrx_word' id='word_1_188' title='bbox 284 2494 401 2544; x_wconf 88' lang='lat' dir='ltr'>arcem</span> <span class='ocrx_word' id='word_1_189' title='bbox 428 2468 549 2561; x_wconf 81' lang='lat' dir='ltr'>stiam,</span> <span class='ocrx_word' id='word_1_190' title='bbox 583 2470 619 2541; x_wconf 90' lang='lat' dir='ltr'>in</span> <span class='ocrx_word' id='word_1_191' title='bbox 638 2468 737 2542; x_wconf 92' lang='lat' dir='ltr'>usum</span> <span class='ocrx_word' id='word_1_192' title='bbox 755 2470 864 2566; x_wconf 92' lang='lat' dir='ltr'>belli,</span> <span class='ocrx_word' id='word_1_193' title='bbox 891 2472 1180 2563; x_wconf 87' lang='lat' dir='ltr'>communiebat,</span> <span class='ocrx_word' id='word_1_194' title='bbox 1206 2487 1305 2543; x_wconf 90' lang='lat' dir='ltr'>tanta</span> <span class='ocrx_word' id='word_1_195' title='bbox 1322 2467 1466 2544; x_wconf 66' lang='lat' dir='ltr'>festinae</span> 
     </span>
     <span class='ocr_line' id='line_1_24' title="bbox 170 2566 1466 2666; baseline 0.001 -28"><span class='ocrx_word' id='word_1_196' title='bbox 170 2568 293 2659; x_wconf 89' lang='lat' dir='ltr'>tione,</span> <span class='ocrx_word' id='word_1_197' title='bbox 318 2584 359 2639; x_wconf 88' lang='lat' dir='ltr'>ut</span> <span class='ocrx_word' id='word_1_198' title='bbox 377 2590 490 2664; x_wconf 88' lang='lat' dir='ltr'>prope</span> <span class='ocrx_word' id='word_1_199' title='bbox 506 2567 577 2641; x_wconf 93' lang='lat' dir='ltr'>diei</span> <span class='ocrx_word' id='word_1_200' title='bbox 594 2566 736 2640; x_wconf 77' lang='lat' dir='ltr'>nouem</span> <span class='ocrx_word' id='word_1_201' title='bbox 757 2566 793 2639; x_wconf 91' lang='lat' dir='ltr'>in</span> <span class='ocrx_word' id='word_1_202' title='bbox 811 2595 919 2664; x_wconf 89' lang='lat' dir='ltr'>opere</span> <span class='ocrx_word' id='word_1_203' title='bbox 935 2572 1173 2648; x_wconf 87' lang='lat' dir='ltr'>continuaret.</span> <span class='ocrx_word' id='word_1_204' title='bbox 1215 2569 1354 2666; x_wconf 88' lang='lat' dir='ltr'>Igitur,</span> <span class='ocrx_word' id='word_1_205' title='bbox 1380 2587 1466 2639; x_wconf 84' lang='lat' dir='ltr'>cum</span> 
     </span>
     <span class='ocr_line' id='line_1_25' title="bbox 170 2661 1468 2764; baseline 0.001 -29"><span class='ocrx_word' id='word_1_206' title='bbox 170 2661 356 2754; x_wconf 90' lang='lat' dir='ltr'>diluculo,</span> <span class='ocrx_word' id='word_1_207' title='bbox 387 2662 430 2735; x_wconf 89' lang='lat' dir='ltr'>ad</span> <span class='ocrx_word' id='word_1_208' title='bbox 457 2688 581 2761; x_wconf 85' lang='lat' dir='ltr'>operas</span> <span class='ocrx_word' id='word_1_209' title='bbox 604 2666 914 2763; x_wconf 79' lang='lat' dir='ltr'>intromittendus,</span> <span class='ocrx_word' id='word_1_210' title='bbox 938 2670 1134 2764; x_wconf 88' lang='lat' dir='ltr'>aperiretur</span> <span class='ocrx_word' id='word_1_211' title='bbox 1152 2685 1278 2763; x_wconf 86' lang='lat' dir='ltr'>porta,</span> <span class='ocrx_word' id='word_1_212' title='bbox 1306 2664 1468 2736; x_wconf 83' lang='lat' dir='ltr'>Norma·</span> 
     </span>
     <span class='ocr_line' id='line_1_26' title="bbox 170 2759 1468 2860; baseline 0.004 -28"><span class='ocrx_word' id='word_1_213' title='bbox 170 2783 235 2832; x_wconf 91' lang='lat' dir='ltr'>nus</span> <span class='ocrx_word' id='word_1_214' title='bbox 260 2784 280 2831; x_wconf 93' lang='lat' dir='ltr'>e</span> <span class='ocrx_word' id='word_1_215' title='bbox 307 2759 375 2834; x_wconf 92' lang='lat' dir='ltr'>suis</span> <span class='ocrx_word' id='word_1_216' title='bbox 401 2761 437 2831; x_wconf 93' lang='lat' dir='ltr'>in</span> <span class='ocrx_word' id='word_1_217' title='bbox 465 2761 684 2834; x_wconf 85' lang='lat' dir='ltr'>domuncula</span> <span class='ocrx_word' id='word_1_218' title='bbox 710 2764 913 2860; x_wconf 88' lang='lat' dir='ltr'>propinqua</span> <span class='ocrx_word' id='word_1_219' title='bbox 938 2767 1028 2838; x_wconf 92' lang='lat' dir='ltr'>duos</span> <span class='ocrx_word' id='word_1_220' title='bbox 1056 2760 1252 2859; x_wconf 79' lang='lat' dir='ltr'>praemlffos</span> <span class='ocrx_word' id='word_1_221' title='bbox 1278 2762 1314 2833; x_wconf 92' lang='lat' dir='ltr'>in</span> <span class='ocrx_word' id='word_1_222' title='bbox 1333 2759 1468 2837; x_wconf 77' lang='lat' dir='ltr'>insidiis</span> 
     </span>
     <span class='ocr_line' id='line_1_27' title="bbox 169 2857 1467 2958; baseline 0.002 -29"><span class='ocrx_word' id='word_1_223' title='bbox 169 2857 386 2947; x_wconf 85' lang='lat' dir='ltr'>collocarat,</span> <span class='ocrx_word' id='word_1_224' title='bbox 421 2875 483 2950; x_wconf 90' lang='lat' dir='ltr'>ut,</span> <span class='ocrx_word' id='word_1_225' title='bbox 514 2857 669 2952; x_wconf 88' lang='lat' dir='ltr'>janitore</span> <span class='ocrx_word' id='word_1_226' title='bbox 686 2861 730 2931; x_wconf 90' lang='lat' dir='ltr'>ab</span> <span class='ocrx_word' id='word_1_227' title='bbox 748 2860 797 2933; x_wconf 86' lang='lat' dir='ltr'>eis</span> <span class='ocrx_word' id='word_1_228' title='bbox 814 2859 1093 2958; x_wconf 84' lang='lat' dir='ltr'>comprehenso,</span> <span class='ocrx_word' id='word_1_229' title='bbox 1120 2880 1237 2953; x_wconf 85' lang='lat' dir='ltr'>portae</span> <span class='ocrx_word' id='word_1_230' title='bbox 1256 2877 1467 2955; x_wconf 84' lang='lat' dir='ltr'>compotes,</span> 
     </span>
     <span class='ocr_line' id='line_1_28' title="bbox 170 2952 1469 3053; baseline 0.003 -28"><span class='ocrx_word' id='word_1_231' title='bbox 170 2953 338 3051; x_wconf 79' lang='lat' dir='ltr'>signum,</span> <span class='ocrx_word' id='word_1_232' title='bbox 370 2952 467 3051; x_wconf 91' lang='lat' dir='ltr'>quod</span> <span class='ocrx_word' id='word_1_233' title='bbox 495 2973 731 3052; x_wconf 88' lang='lat' dir='ltr'>convenerat,</span> <span class='ocrx_word' id='word_1_234' title='bbox 764 2960 905 3033; x_wconf 85' lang='lat' dir='ltr'>caeteris</span> <span class='ocrx_word' id='word_1_235' title='bbox 930 2959 1067 3032; x_wconf 89' lang='lat' dir='ltr'>darent.</span> <span class='ocrx_word' id='word_1_236' title='bbox 1110 2958 1197 3031; x_wconf 88' lang='lat' dir='ltr'>Hoc</span> <span class='ocrx_word' id='word_1_237' title='bbox 1227 2955 1360 3053; x_wconf 76' lang='lat' dir='ltr'>paeto,</span> <span class='ocrx_word' id='word_1_238' title='bbox 1395 2954 1469 3031; x_wconf 87' lang='lat' dir='ltr'>line</span> 
     </span>
     <span class='ocr_line' id='line_1_29' title="bbox 170 3049 1469 3150; baseline 0.004 -27"><span class='ocrx_word' id='word_1_239' title='bbox 170 3052 332 3124; x_wconf 85' lang='lat' dir='ltr'>tumultu</span> <span class='ocrx_word' id='word_1_240' title='bbox 349 3075 472 3124; x_wconf 86' lang='lat' dir='ltr'>omnes</span> <span class='ocrx_word' id='word_1_241' title='bbox 489 3049 651 3148; x_wconf 83' lang='lat' dir='ltr'>ingressi,</span> <span class='ocrx_word' id='word_1_242' title='bbox 676 3073 831 3150; x_wconf 90' lang='lat' dir='ltr'>quatuor</span> <span class='ocrx_word' id='word_1_243' title='bbox 846 3080 867 3129; x_wconf 88' lang='lat' dir='ltr'>e</span> <span class='ocrx_word' id='word_1_244' title='bbox 882 3055 950 3130; x_wconf 91' lang='lat' dir='ltr'>suis</span> <span class='ocrx_word' id='word_1_245' title='bbox 969 3055 1158 3145; x_wconf 88' lang='lat' dir='ltr'>miserunt,</span> <span class='ocrx_word' id='word_1_246' title='bbox 1185 3058 1245 3150; x_wconf 90' lang='lat' dir='ltr'>qui</span> <span class='ocrx_word' id='word_1_247' title='bbox 1266 3052 1469 3128; x_wconf 81' lang='lat' dir='ltr'>Cardinalie</span> 
     </span>
     <span class='ocr_line' id='line_1_30' title="bbox 170 3147 1469 3247; baseline 0.003 -30"><span class='ocrx_word' id='word_1_248' title='bbox 170 3147 300 3218; x_wconf 83' lang='lat' dir='ltr'>ostium</span> <span class='ocrx_word' id='word_1_249' title='bbox 319 3147 566 3241; x_wconf 82' lang='lat' dir='ltr'>observarent,</span> <span class='ocrx_word' id='word_1_250' title='bbox 591 3153 730 3243; x_wconf 89' lang='lat' dir='ltr'>nequis</span> <span class='ocrx_word' id='word_1_251' title='bbox 747 3150 889 3225; x_wconf 86' lang='lat' dir='ltr'>adeum</span> <span class='ocrx_word' id='word_1_252' title='bbox 909 3155 1061 3227; x_wconf 88' lang='lat' dir='ltr'>nuncius</span> <span class='ocrx_word' id='word_1_253' title='bbox 1080 3151 1227 3247; x_wconf 85' lang='lat' dir='ltr'>perferri</span> <span class='ocrx_word' id='word_1_254' title='bbox 1246 3150 1379 3247; x_wconf 86' lang='lat' dir='ltr'>posset:</span> <span class='ocrx_word' id='word_1_255' title='bbox 1406 3149 1469 3223; x_wconf 79' lang='lat' dir='ltr'>alii</span> 
     </span>
     <span class='ocr_line' id='line_1_31' title="bbox 170 3243 1470 3342; baseline 0.006 -29"><span class='ocrx_word' id='word_1_256' title='bbox 170 3244 267 3314; x_wconf 88' lang='lat' dir='ltr'>circa</span> <span class='ocrx_word' id='word_1_257' title='bbox 290 3243 441 3316; x_wconf 89' lang='lat' dir='ltr'>aliorum</span> <span class='ocrx_word' id='word_1_258' title='bbox 468 3244 636 3318; x_wconf 86' lang='lat' dir='ltr'>cubicula</span> <span class='ocrx_word' id='word_1_259' title='bbox 661 3243 771 3336; x_wconf 85' lang='lat' dir='ltr'>milli,</span> <span class='ocrx_word' id='word_1_260' title='bbox 807 3250 869 3342; x_wconf 90' lang='lat' dir='ltr'>qui</span> <span class='ocrx_word' id='word_1_261' title='bbox 896 3251 1081 3322; x_wconf 89' lang='lat' dir='ltr'>hominum</span> <span class='ocrx_word' id='word_1_262' title='bbox 1100 3250 1138 3323; x_wconf 73' lang='grc' dir='ltr'>ὅ(</span> <span class='ocrx_word' id='word_1_263' title='bbox 1156 3249 1318 3335; x_wconf 85' lang='lat' dir='ltr'>locorum</span> <span class='ocrx_word' id='word_1_264' title='bbox 1337 3246 1470 3321; x_wconf 66' lang='lat' dir='ltr'>noritis</span> 
     </span>
     <span class='ocr_line' id='line_1_32' title="bbox 169 3337 1468 3445; baseline 0.008 -35"><span class='ocrx_word' id='word_1_265' title='bbox 169 3337 276 3429; x_wconf 83' lang='lat' dir='ltr'>steti,</span> <span class='ocrx_word' id='word_1_266' title='bbox 302 3340 481 3415; x_wconf 86' lang='lat' dir='ltr'>ministros</span> <span class='ocrx_word' id='word_1_267' title='bbox 499 3342 711 3415; x_wconf 86' lang='lat' dir='ltr'>nominatim</span> <span class='ocrx_word' id='word_1_268' title='bbox 730 3343 904 3416; x_wconf 87' lang='lat' dir='ltr'>excitent.</span> <span class='ocrx_word' id='word_1_269' title='bbox 931 3347 1003 3420; x_wconf 91' lang='lat' dir='ltr'>Eos</span> <span class='ocrx_word' id='word_1_270' title='bbox 1022 3368 1104 3420; x_wconf 89' lang='lat' dir='ltr'>cum</span> <span class='ocrx_word' id='word_1_271' title='bbox 1124 3343 1349 3419; x_wconf 85' lang='lat' dir='ltr'>semisomnes</span> <span class='ocrx_word' id='word_1_272' title='bbox 1369 3342 1468 3445; x_wconf 84' lang='lat' dir='ltr'>tigil-</span> 
     </span>
     <span class='ocr_line' id='line_1_33' title="bbox 169 3435 1469 3540; baseline 0.011 -35"><span class='ocrx_word' id='word_1_273' title='bbox 169 3435 269 3508; x_wconf 91' lang='lat' dir='ltr'>latim</span> <span class='ocrx_word' id='word_1_274' title='bbox 296 3437 530 3532; x_wconf 87' lang='lat' dir='ltr'>evocassent,</span> <span class='ocrx_word' id='word_1_275' title='bbox 572 3459 725 3515; x_wconf 83' lang='lat' dir='ltr'>mortem</span> <span class='ocrx_word' id='word_1_276' title='bbox 753 3439 994 3534; x_wconf 76' lang='lat' dir='ltr'>praesentem,</span> <span class='ocrx_word' id='word_1_277' title='bbox 1028 3442 1052 3513; x_wconf 87' lang='lat' dir='ltr'>sr</span> <span class='ocrx_word' id='word_1_278' title='bbox 1081 3444 1266 3540; x_wconf 83' lang='lat' dir='ltr'>quisquam</span> <span class='ocrx_word' id='word_1_279' title='bbox 1295 3442 1469 3539; x_wconf 88' lang='lat' dir='ltr'>mutiret,</span> 
     </span>
     <span class='ocr_line' id='line_1_34' title="bbox 170 3534 1469 3626; baseline 0.012 -24"><span class='ocrx_word' id='word_1_280' title='bbox 170 3534 403 3626; x_wconf 89' lang='lat' dir='ltr'>comminati,</span> <span class='ocrx_word' id='word_1_281' title='bbox 429 3556 531 3609; x_wconf 85' lang='lat' dir='ltr'>extra</span> <span class='ocrx_word' id='word_1_282' title='bbox 547 3561 663 3611; x_wconf 88' lang='lat' dir='ltr'>arcem</span> <span class='ocrx_word' id='word_1_283' title='bbox 683 3537 874 3610; x_wconf 88' lang='lat' dir='ltr'>inviolatos</span> <span class='ocrx_word' id='word_1_284' title='bbox 893 3534 963 3612; x_wconf 88' lang='lat' dir='ltr'>line</span> <span class='ocrx_word' id='word_1_285' title='bbox 983 3541 1142 3614; x_wconf 89' lang='lat' dir='ltr'>tumultu</span> <span class='ocrx_word' id='word_1_286' title='bbox 1160 3541 1376 3616; x_wconf 87' lang='lat' dir='ltr'>eduxerunt.</span> <span class='ocrx_word' id='word_1_287' title='bbox 1411 3540 1469 3617; x_wconf 74' lang='lat' dir='ltr'>lta</span> 
     </span>
     <span class='ocr_line' id='line_1_35' title="bbox 171 3628 1469 3733; baseline 0.014 -36"><span class='ocrx_word' id='word_1_288' title='bbox 171 3628 310 3700; x_wconf 75' lang='lat' dir='ltr'>caeteris</span> <span class='ocrx_word' id='word_1_289' title='bbox 333 3630 476 3724; x_wconf 72' lang='lat' dir='ltr'>ejedlis,</span> <span class='ocrx_word' id='word_1_290' title='bbox 510 3658 592 3707; x_wconf 90' lang='lat' dir='ltr'>cum</span> <span class='ocrx_word' id='word_1_291' title='bbox 619 3633 683 3707; x_wconf 93' lang='lat' dir='ltr'>soli</span> <span class='ocrx_word' id='word_1_292' title='bbox 710 3658 791 3707; x_wconf 88' lang='lat' dir='ltr'>arce</span> <span class='ocrx_word' id='word_1_293' title='bbox 816 3634 1042 3730; x_wconf 87' lang='lat' dir='ltr'>potirentur,</span> <span class='ocrx_word' id='word_1_294' title='bbox 1067 3639 1129 3733; x_wconf 89' lang='lat' dir='ltr'>qui</span> <span class='ocrx_word' id='word_1_295' title='bbox 1148 3637 1359 3712; x_wconf 86' lang='lat' dir='ltr'>obsidebant</span> <span class='ocrx_word' id='word_1_296' title='bbox 1376 3637 1469 3714; x_wconf 81' lang='lat' dir='ltr'>Cur·</span> 
     </span>
    </p>
   </div>
   <div class='ocr_carea' id='block_1_3' title="bbox 170 3722 1491 4005">
    <p class='ocr_par' dir='ltr' id='par_1_3' title="bbox 170 3722 1491 4005">
     <span class='ocr_line' id='line_1_36' title="bbox 170 3722 1476 3833; baseline 0.013 -39"><span class='ocrx_word' id='word_1_297' title='bbox 170 3723 296 3794; x_wconf 88' lang='lat' dir='ltr'>dinalis</span> <span class='ocrx_word' id='word_1_298' title='bbox 323 3722 473 3816; x_wconf 90' lang='lat' dir='ltr'>ostium,</span> <span class='ocrx_word' id='word_1_299' title='bbox 507 3747 583 3802; x_wconf 93' lang='lat' dir='ltr'>tum</span> <span class='ocrx_word' id='word_1_300' title='bbox 610 3730 753 3804; x_wconf 90' lang='lat' dir='ltr'>demum</span> <span class='ocrx_word' id='word_1_301' title='bbox 782 3729 932 3828; x_wconf 87' lang='lat' dir='ltr'>pulsant.</span> <span class='ocrx_word' id='word_1_302' title='bbox 975 3738 1135 3830; x_wconf 86' lang='lat' dir='ltr'>Rogati,</span> <span class='ocrx_word' id='word_1_303' title='bbox 1165 3739 1308 3833; x_wconf 87' lang='lat' dir='ltr'>quinam</span> <span class='ocrx_word' id='word_1_304' title='bbox 1335 3733 1476 3828; x_wconf 69' lang='lat' dir='ltr'>essent,</span> 
     </span>
     <span class='ocr_line' id='line_1_37' title="bbox 171 3818 1491 4005; baseline 0.009 -112"><span class='ocrx_word' id='word_1_305' title='bbox 171 3843 255 3895; x_wconf 90' lang='lat' dir='ltr'>cum</span> <span class='ocrx_word' id='word_1_306' title='bbox 280 3818 338 3894; x_wconf 83' lang='lat' dir='ltr'>sua</span> <span class='ocrx_word' id='word_1_307' title='bbox 365 3823 508 3898; x_wconf 89' lang='lat' dir='ltr'>nomina</span> <span class='ocrx_word' id='word_1_308' title='bbox 532 3825 743 3922; x_wconf 84' lang='lat' dir='ltr'>edidissent,</span> <span class='ocrx_word' id='word_1_309' title='bbox 781 3829 974 4005; x_wconf 47' lang='grc' dir='ltr'>Γἰὲιῑιῐοιηίίὶῑ</span> <span class='ocrx_word' id='word_1_310' title='bbox 998 3831 1216 3929; x_wconf 82' lang='lat' dir='ltr'>(promissa,</span> <span class='ocrx_word' id='word_1_311' title='bbox 1233 3854 1297 3989; x_wconf 36' lang='lat' dir='ltr'>&#39;ut</span> <span class='ocrx_word' id='word_1_312' title='bbox 1322 3832 1491 4001; x_wconf 24' lang='lat' dir='ltr'>quim,</span> 
     </span>
    </p>
   </div>
   <div class='ocr_carea' id='block_1_4' title="bbox 1280 4110 1305 4157">
    <p class='ocr_par' dir='ltr' id='par_1_4' title="bbox 1280 4110 1305 4157">
     <span class='ocr_line' id='line_1_38' title="bbox 1280 4110 1305 4157; baseline 0 0"><span class='ocrx_word' id='word_1_313' title='bbox 1280 4110 1305 4157; x_wconf 63' lang='grc' dir='ltr'>Ι</span> 
     </span>
    </p>
   </div>
   <div class='ocr_carea' id='block_1_5' title="bbox 0 0 1668 4456">
    <p class='ocr_par' dir='ltr' id='par_1_5' title="bbox 0 0 1668 4456">
     <span class='ocr_line' id='line_1_39' title="bbox 0 0 1668 4456; baseline 0 0"><span class='ocrx_word' id='word_1_314' title='bbox 0 0 1668 4456; x_wconf 95' lang='lat' dir='ltr'> </span> 
     </span>
    </p>
   </div>
  </div>
 </body>
</html>
