3322 4456
177 354 246 414 tot
386 322 772 406 HISTORIA
815 321 1258 406 EVANGELII
1311 331 1478 435 sarta.

174 510 203 555 ‚,
228 480 348 535 torum
369 456 628 555 cogitationes,
653 449 826 526 concitati
845 449 1091 551 magistratus,
1112 453 1351 533 inflammatus
1371 460 1478 554 Rex,

175 606 205 650 „
232 552 430 669 gravissima
453 553 588 652 judicia
607 547 883 625 constituerunt.
926 550 1012 623 Nec
1032 551 1234 646 immeritis,
1262 555 1423 632 stramen
1443 583 1483 634 ee

177 701 206 746 „
233 678 269 726 tn
296 675 333 724 te
360 652 485 726 servati
516 649 642 723 modus
670 644 798 757 posset.
842 645 899 719 Ex
919 646 1070 721 consciis
1088 650 1231 745 quidam
1252 654 1485 750 deprehensi,

179 799 206 842 ‚,
232 773 357 847 poenas
383 749 588 838 dederunt,
621 744 764 841 quidam
793 741 931 817 matura}
960 743 1024 816 fibi
1052 747 1296 841 consulentes,
1332 750 1482 850 aufuge·

179 897 207 938 ‚,
233 867 329 921 runt.
379 845 459 943 Qri
485 845 526 917 ad
555 843 587 916 se
605 866 644 914 ea
664 840 824 936 pericula
841 864 914 912 non
933 839 1089 936 spedare
1108 848 1302 942 putabant,
1330 851 1392 942 qui
1412 873 1485 921 non

180 944 466 1037 „contaminati
494 961 591 1015 etant
618 959 662 1010 eo
688 937 839 1025 scelere,
875 937 911 1008 hi
938 941 1046 1010 etiarn
1074 945 1110 1014 in
1140 968 1274 1038 partem
1297 969 1485 1041 poenarum

180 1092 207 1137 „
234 1046 395 1116 veniunt.
441 1041 628 1112 Delatores
657 1033 693 1107 ὅ(
722 1032 1018 1129 quadruplatores
1041 1039 1189 1130 publice
1208 1065 1484 1139 comparantur:

180 1191 207 1236 „
233 1142 385 1215 cuilibet
413 1137 516 1209 simul
544 1136 580 1205 &
608 1129 806 1202 accusatori
830 1130 867 1202 &
888 1128 967 1200 testi
988 1132 1023 1199 in
1041 1134 1162 1202 eadem
1182 1139 1282 1209 causa
1300 1137 1369 1212 effe
1387 1135 1486 1214 licet.

180 1288 208 1429 ζ’
234 1225 851 1418 llll.l.²1¹l.{⁰ll;illusisti
871 1223 1488 1405 sl.sill’slnltsltssltls

181 1391 211 1527 ,ζ
236 1433 327 1503 ditio
354 1425 515 1518 requirit.
559 1419 778 1496 Oslodecim
807 1346 953 1492 adulati
981 1421 1089 1508 sunt5
1125 1423 1243 1518 plures
1269 1429 1368 1526 capri
1395 1429 1488 1502 idem
1525 1463 1528 1468 ·

182 1581 212 1624 ,‚
237 1524 451 1621 supplicium
478 1519 691 1616 expediante
728 1519 887 1611 Serpunt
912 1517 1077 1614 quotidie
1097 1520 1200 1595 latius
1219 1526 1399 1620 pericula,
1425 1551 1489 1600 ne·
1551 1527 1555 1533 ⁴

182 1676 211 1718 „
237 1647 307 1722 que
331 1622 517 1735 quisquam
545 1617 617 1710 est,
651 1616 714 1711 qui
740 1615 856 1687 bonus
884 1612 949 1706 fit,
984 1617 1045 1711 qui
1070 1640 1184 1713 neque
1202 1622 1412 1694 extimescat
1430 1649 1488 1696 ca·

184 1773 213 1819 „
239 1721 390 1796 lumnras
407 1741 448 1790 ac
463 1716 621 1807 judicia,
651 1734 766 1806 neque
782 1710 908 1784 dolore
927 1710 1247 1810 indignissimorum
1268 1714 1491 1811 spectaculo-

184 1872 214 1918 „
239 1843 320 1895 rum
340 1812 569 1890 conficiatur.
594 1813 767 1907 Regnant
783 1806 969 1882 adversarii
987 1808 1117 1904 vestri,
1134 1810 1226 1887 &eb
1239 1815 1374 1913 magis,
1393 1817 1491 1912 quod

184 1971 213 2014 „
234 1916 340 2018 Juslis
367 1911 411 1985 de
437 1907 549 1984 caufis
574 1904 768 1982 obtinuisse
793 1905 1003 1999 videantur,
1032 1927 1076 1980 ut
1093 1908 1131 1981 in
1148 1912 1315 2006 pacandis
1331 1911 1495 1988 seditiose

186 2010 431 2112 „concitatis
458 2007 561 2085 rebus
589 2022 753 2105 regnent.
798 2003 840 2075 sn
868 2021 927 2076 tot
952 2003 1132 2100 tantisque
1156 2006 1257 2081 malis
1279 2006 1393 2084 solum
1413 2012 1496 2085 haec

186 2165 216 2209 „
242 2109 317 2209 spes
344 2131 409 2181 nos
432 2107 507 2203 jam
535 2105 666 2179 reficit.
710 2103 750 2177 Si
768 2100 933 2175 immanis
950 2099 1017 2174 isla
1031 2098 1196 2181 severitas
1214 2105 1353 2204 populo
1371 2106 1496 2206 displi-

186 2263 215 2307 „
240 2230 322 2284 cere
339 2206 511 2303 incipiat,
543 2202 568 2278 fi
588 2205 674 2278 Rex
693 2200 893 2299 intelligat,
920 2199 1072 2273 nimium
1092 2199 1190 2278 fitire
1207 2203 1496 2282 calamitosorum

187 2360 217 2406 „
243 2305 432 2381 bominum
449 2301 678 2402 sanguinem,
698 2299 719 2373 i
736 2300 866 2400 quibus
883 2295 1087 2373 alienissima
1104 2299 1252 2378 deberet
1267 2299 1336 2380 effe
1353 2307 1497 2381 vindic·

186 2459 216 2506 „
241 2425 291 2482 tas
320 2404 520 2502 cupiditas,
556 2401 657 2495 (odio
674 2401 769 2474 enim
787 2420 942 2499 magno,
967 2420 1041 2471 non
1059 2402 1231 2495 aequitate
1248 2426 1354 2500 agere
1371 2404 1499 2478 viden·

187 2558 217 2606 „
240 2507 347 2598 tur,)
374 2502 399 2576 fi
417 2501 537 2576 rideat
553 2497 726 2600 praesare
743 2498 931 2572 hominum
951 2513 1111 2584 mentesa
1132 2499 1344 2596 inclinabit,
1359 2519 1403 2575 ut
1419 2499 1500 2600 spe·

187 2658 217 2704 „
241 2628 382 2694 tamus,
406 2604 485 2713 ejus
502 2603 662 2692 animus,
689 2602 727 2672 bt
746 2598 895 2671 meliora
912 2617 953 2704 ca
981 2595 1030 2705 iet
1048 2593 1209 2670 consilia.
1248 2598 1313 2672 Est
1331 2600 1407 2709 hoc
1420 2601 1500 2671 exi·

188 2689 1080 2890 :3tabltl²llttllttttlsi⁰l¹,llll
1095 2691 1503 2878 {ltm‘ltnltltz

190 2920 219 2987 ,3
244 2909 314 2979 que
332 2879 515 2968 ostendat,
549 2879 612 2970 qui
632 2876 734 2947 nobis
753 2876 850 2944 viros
866 2872 982 2944 bonos
999 2873 1117 2944 adbuc
1135 2874 1310 2970 reservat,
1335 2880 1397 2974 qui
1415 2902 1498 2979 gra·

190 3035 221 3081 „
244 2982 296 3055 tia
313 2979 351 3054 &
369 2975 563 3049 autoritate
579 2970 774 3064 plurimum
786 2966 952 3066 possunt,
970 2971 1033 3068 qui
1042 2968 1233 3067 aliquando
1243 2972 1379 3067 libers,
1398 2981 1499 3075 quod

191 3132 221 3179 „
243 3077 434 3176 cogitant,
468 3065 651 3144 audebunt
674 3065 804 3139 dicere.
847 3064 971 3164 Hujus
997 3069 1048 3143 tei
1073 3067 1178 3143 nobis
1206 3071 1301 3146 istud
1327 3071 1379 3147 est
1405 3077 1499 3150 indi-

192 3210 224 3272 ,·,
247 3175 358 3250 cium.
401 3172 470 3247 Per
495 3165 679 3265 Longior,
711 3186 867 3260 quotum
887 3161 1056 3238 familiam
1076 3164 1146 3245 tibi
1163 3190 1285 3244 notans
1303 3171 1373 3246 effe
1389 3177 1499 3250 credo

191 3326 222 3369 „
247 3271 492 3360 obtinuimus,
525 3288 598 3366 quo
626 3264 662 3338 in
688 3286 754 3337 tros
778 3263 842 3360 qui
865 3261 1074 3338 Gemanici
1091 3268 1246 3342 nominis
1264 3269 1401 3364 sumus,
1429 3277 1501 3346 mi·

190 3418 221 3465 „
245 3390 313 3443 nus
339 3366 462 3443 odiose
483 3361 836 3439 animadverteretur.
885 3361 1016 3438 Edixit
1034 3364 1142 3457 Rex,
1169 3386 1210 3438 ut
1229 3370 1439 3464 quicunque
1455 3394 1501 3444 ex

189 3456 230 3559 „'
242 3462 436 3541 Germanis
454 3464 731 3553 coercerentur,
772 3461 810 3534 in
828 3484 866 3535 re
882 3460 1050 3557 capitali,
1075 3484 1145 3533 una
1162 3486 1246 3537 cum
1264 3465 1365 3538 causa
1383 3468 1422 3542 &
1439 3491 1502 3543 ac·

187 3608 217 3655 „
242 3559 324 3655 tir,
357 3563 395 3639 in
421 3561 680 3654 Germaniam,
712 3560 864 3658 quisque
888 3559 933 3634 ad
959 3557 1061 3633 suum
1087 3560 1289 3661 principem
1317 3568 1504 3640 remittan-

184 3702 217 3753 ”
235 3672 469 3855 smilllXV.
492 3753 683 3871 Quidquid
705 3753 770 3847 fit,
797 3754 931 3851 inquiri
949 3773 1117 3848 coeptum
1136 3753 1208 3847 est,
1227 3776 1334 3931 atque
1353 3759 1498 3832 investi·

488 3852 492 3855 ’
542 3853 660 3931 latium
685 3852 872 3946 nonnulli,
906 3852 1051 3950 quidam
1079 3849 1168 3928 veti>
1187 3876 1252 3952 ptr
1281 3856 1499 3955 uspicionem

1399 3970 1501 4024 tom·
1524 4036 1529 4050 ³
