3322 4456
763 273 779 364 l
792 267 896 367 ¹55²)

175 393 285 503 ptu5
299 399 389 477 nihil
405 409 479 472 tam
497 412 592 470 amat
609 414 712 494 quant
732 417 813 490 qua:
831 397 911 470 lunt
930 393 1035 488 hujus
1053 390 1185 468 iaculi.
1218 394 1347 492 nanu,
1363 398 1475 483 aaa:

180 526 248 598 pa,
269 498 447 575 Gentium
457 496 637 590 Principes
652 495 779 565 vincit.
806 493 876 564 Pro
886 493 976 564 Pace
986 491 1125 563 Bellum
1136 491 1380 591 ubiqueserit,
1398 499 1473 576 non

184 599 285 668 aliam
304 594 352 666 ob
371 590 528 681 causam,
546 614 651 687 quam
669 610 711 661 ut
730 591 826 660 vivat
846 586 940 683 ipsc,
959 607 1112 682 agatque
1122 591 1241 661 omnia
1254 614 1319 684 pro
1330 589 1474 671 Libidi-

182 715 241 765 ne.
276 692 392 780 Hac,
418 689 583 780 inquam,
610 686 772 780 &longe
791 684 892 781 plura
910 685 954 756 de
971 686 1120 755 Romano
1137 683 1319 783 Episcopo
1338 690 1474 785 diceret

182 788 234 859 D.
255 788 401 872 Petras,
428 783 452 853 fi
471 780 611 855 adeffct.
647 782 714 854 Sed
733 782 777 852 de
795 783 956 854 Romanis
973 777 1240 875 corruptillimis
1258 785 1416 861 moribus
1434 788 1475 867 dt

184 882 478 969 abominabilibus,
503 898 544 966 ut
562 879 612 948 ait
629 877 716 949 Psal.
733 898 785 974 ¹3·
811 877 952 950 interim
975 896 1088 946 taceo.
1122 877 1213 949 Non
1231 880 1325 949 enim
1344 877 1474 977 minori

181 980 333 1074 negotio
360 975 499 1046 Oceani
526 996 667 1044 omnem
697 995 810 1068 prope
836 996 960 1068 aquam
988 972 1232 1064 exhaurirem‚
1266 995 1370 1070 quarn
1393 980 1475 1055 illos

181 1094 299 1145 mores
326 1093 448 1141 omnes
473 1067 708 1156 recenserem,
745 1070 781 1141 δι
808 1091 874 1164 pro
901 1069 1075 1164 dignitate
1101 1065 1300 1143 uallarem.
1351 1073 1473 1149 Deum

182 1190 312 1264 precor
329 1190 395 1262 pro
414 1163 615 1236 Christiana
631 1163 835 1253 charitate,
862 1185 902 1235 ut
922 1167 1039 1236 Deum
1057 1164 1246 1259 agnoscere
1263 1167 1394 1262 discat,
1410 1193 1475 1269 ag·

181 1267 298 1337 nitum
323 1256 430 1333 ametss
474 1259 552 1351 Ut,
580 1282 660 1354 quoe
680 1261 847 1354 praecipit
866 1259 1050 1353 Christus,
1078 1263 1217 1333 tandem
1236 1263 1383 1358 incipiat
1402 1267 1475 1340 stu·

181 1359 316 1431 dinsrus
336 1356 533 1452 Episcopus
552 1359 720 1430 Romanas
738 1357 881 1428 imitari.
916 1357 971 1430 Ut
990 1357 1290 1449 quemadmodum
1302 1362 1377 1456 jam
1398 1362 1485 1460 ple-1

183 1461 303 1550 risque
327 1455 446 1543 annis,
481 1455 641 1523 omnium
668 1451 738 1523 fuit
766 1451 1086 1523 Abominationum
1116 1462 1172 1545 (ut
1195 1477 1268 1525 uno
1296 1459 1475 1549 vocabulo

183 1555 277 1624 mala
302 1550 421 1620 omnia
447 1545 685 1641 completior)
714 1541 839 1617 Parent
860 1548 896 1619 δε
915 1548 1040 1635 Patet,
1065 1570 1137 1619 non
1157 1549 1314 1643 Christi,
1340 1553 1396 1626 sed
1414 1544 1478 1630 Sn-

181 1648 302 1717 than'ae
321 1646 445 1738 Opera
462 1645 669 1741 porrigent,
690 1644 740 1715 ita
757 1643 793 1715 ὃ(
812 1642 952 1714 tandem
975 1641 1174 1736 resipiscat,
1194 1664 1234 1715 ut
1252 1646 1296 1718 de
1314 1671 1387 1721 uno
1404 1670 1477 1726 tam

181 1739 318 1813 famoso
343 1743 536 1824 Peccatore
553 1737 746 1828 converso,
771 1738 948 1835 gaudeant
966 1738 1070 1810 multi
1090 1739 1282 1812 Christiani
1300 1745 1389 1837 viri,
1415 1751 1478 1843 qui

180 1860 282 1910 nunc
302 1836 403 1909 illum
423 1834 509 1907 odio
527 1833 812 1932 prosequuntur;
835 1834 938 1907 Odio
956 1836 1099 1930 inquam
1110 1834 1216 1909 ‘bono
1227 1840 1264 1910 ὅτ
1267 1840 1380 1934 justoss
1404 1845 1479 1933 lal-

179 1958 260 2030 μσς
283 1941 300 2014 l
303 1934 418 2028 inquit
437 1931 635 2025 Propheta)
662 1934 731 2003 odio
749 1932 864 2005 habui.
903 1930 954 2004 Et
972 1933 1182 2027 cumprimis
1201 1933 1310 2006 discat
1330 1936 1481 2034 Epiltq·

179 2043 250 2125 pus
268 2033 440 2101 Romanus
458 2028 548 2098 intra
563 2027 641 2099 suos
660 2026 747 2099 fines
763 2026 797 2100 l‘e
815 2029 1010 2099 continere.
1050 2031 1169 2101 Stulte
1187 2032 1279 2101 enim
1300 2034 1335 2104 id
1355 2036 1479 2119 vendi·

180 2145 243 2194 cat
264 2123 488 2193 haereditario
502 2123 606 2215 jure,
632 2121 729 2212 quod
748 2118 868 2216 Sanni
885 2122 1048 2194 Parentes
1066 2146 1179 2219 neque
1197 2125 1397 2203 habuerunt
1414 2156 1481 2208 un.

181 2239 312 2316 quam,
336 2237 402 2286 nec
422 2213 549 2285 habere
566 2211 770 2285 voluerunt.

232 2311 342 2386 Nihil
367 2311 461 2381 enim
488 2309 604 2380 minus
622 2308 801 2404 arrogavit
821 2305 885 2380 libi
905 2309 956 2381 D.
972 2311 1121 2401 Petrus,
1145 2310 1253 2407 quaint
1272 2314 1493 2411 hujusmodi,

178 2411 396 2483 Primatum.
440 2402 616 2486 Exercuit
641 2424 836 2497 nunquam.
879 2404 966 2478 Ideo
993 2428 1065 2476 non
1090 2411 1277 2502 exercuit,
1306 2414 1389 2508 quia
1407 2438 1454 2488 no

136 2504 140 2516 '
180 2507 341 2600 acecpit.
374 2502 567 2598 vNusquam
586 2499 735 2595 reperies
753 2498 876 2592 illum,
895 2521 956 2573 aut
973 2500 1125 2596 aliquem
1146 2506 1404 2601 Apostolorum
1417 2441 1481 2587 all·

185 2600 328 2694 quando
345 2597 492 2688 mililie,
520 2615 581 2668 aut
599 2593 707 2671 alicui
722 2593 848 2689 jusfili'e
866 2599 1076 2694 quicquam..
1105 2598 1212 2671 lllum
1232 2602 1275 2674 ab
1294 2604 1482 2707 Apostolls

180 2718 254 2777 una
269 2716 351 2768 cunr
370 2694 526 2789 Johmmr
544 2689 683 2764 milium
703 2690 873 2788 legimus,
900 2700 979 2766 Aa.
998 2693 1033 2766 8.
1102 2695 1173 2768 uod
1192 2718 1310 2772 autern
1329 2703 1367 2772 in
1381 2709 1481 2779 Ana·

181 2798 275 2867 ariam
290 2791 378 2865 fecit
395 2793 521 2865 Petras
541 2787 623 2862 Act.
637 2808 669 2882 5.
694 2810 766 2859 non
783 2806 824 2860 ut
841 2789 1038 2863 Primatum
1058 2791 1102 2862 ha
1129 2816 1211 2884 ens,
1236 2792 1292 2868 sed
1312 2815 1480 2896 tanquam

180 2911 293 2963 unum
323 2887 581 2983 Apostolorum
607 2879 747 2978 fecisse,
781 2903 854 2959 tam
880 2909 924 2959 ex
943 2887 1123 2984 principio
1142 2887 1234 2961 illius
1255 2893 1346 2990 Cap.
1370 2887 1479 2991 quam

182 3009 229 3058 ex
255 2983 322 3059 alia
348 3004 449 3082 parte
474 2980 701 3074 exploratum
727 2979 791 3056 est.
833 2983 900 3056 Ait
916 2985 1032 3077 enim,
1061 3009 1133 3057 non
1151 2985 1194 3059 ad
1211 2990 1334 3084 Petri,
1360 2990 1415 3064 led
1434 2994 1480 3079 ad

106 3120 110 3124 ·
178 3080 443 3190 'Apostolorum
465 3079 569 3174 pedes
584 3083 758 3193 plunnium
775 3080 851 3247 agri
871 3081 1025 3176 pretium
1045 3080 1204 3194 posuill'e3
1231 3085 1356 3196 lfostea
1371 3087 1480 3203 verda,

179 3198 225 3250 ne
250 3179 393 3249 Petram
420 3198 455 3246 rn
473 3182 645 3249 Aramum
662 3173 699 3246 rd
715 3172 785 3247 fect
815 3200 835 3248 e
852 3195 1059 3271 putaretur,
1085 3176 1273 3273 superrorrs
1289 3182 1479 3273 Potestatrs

178 3275 317 3368 gratia,
351 3295 425 3342 non
452 3294 516 3368 per
537 3293 659 3342 manus
677 3272 799 3362 Petri,
823 3268 881 3342 sed
893 3291 954 3365 per
970 3295 1085 3345 manas
1101 3273 1326 3368 Apostolorum
1346 3268 1480 3446 (ineptit

180 3359 319 3455 Lucas)
326 3369 455 3460 fiebam
472 3373 591 3467 figna,
617 3366 660 3448 l?
683 3368 835 3465 prodigia
851 3371 957 3441 multa
972 3373 1008 3442 in
1020 3369 1133 3464 plebe,
1159 3370 1298 3465 Spiritu
1316 3373 1385 3465 Pro

179 3469 243 3539 tiae
263 3465 347 3537 huic
365 3465 458 3537 malo
476 3465 575 3539 velut
592 3481 816 3537 occurrente.
851 3463 985 3559 Neque
1002 3465 1037 3538 in
1055 3464 1125 3538 alio
1142 3465 1247 3559 loco,
1274 3487 1316 3542 ut
1332 3396 1411 3542 toll

1438 3380 1477 3457 ς’.

1400 3494 1476 3559 ἓῖβ·

181 3581 243 3635 tur
270 3583 432 3633 murmur
457 3564 645 3636 Graecorum
669 3579 796 3633 contra
821 3562 1000 3656 Hebraea,
1034 3560 1301 3637 multitudinem
1319 3552 1476 3665 discipu'-

179 3658 300 3728 lorum
328 3659 545 3730 convocavit
572 3658 717 3749 Petras,
751 3655 808 3731 scd
828 3657 1054 3753 Duodecim,
1080 3661 1218 3755 inquit,
1244 3661 1316 3736 dte.
1342 3670 1422 3737 Ata.
1439 3654 1476 3743 d.

180 3752 315 3852 Neque
332 3751 469 3827 constat
486 3755 524 3826 in
542 3750 606 3826 illo
622 3753 719 3827 loco.
760 3752 855 3923 Quis
876 3775 1023 3851 eorum,
1049 3755 1092 3831 ad
1112 3754 1385 3833 Multitudinem
1403 3742 1473 3831 ler²

180 3888 185 3905 ·
849 3871 872 3924 ι
1393 3876 1475 3928 mo·
