3322 4456
787 342 830 397 22
861 377 868 395 .

176 475 248 532 tur.
298 433 472 562 Episcopi
501 449 537 524 &
567 445 721 522 Parochi
749 327 785 520 iii
814 321 903 518 islud
932 444 1118 542 praecipue
1146 445 1274 524 intenti
1303 450 1397 545 fiat,
1438 474 1484 526 ne
1522 475 1526 480 ·

178 556 298 628 Coena
319 551 470 624 Domini
491 547 696 645 polluatur,
718 543 741 615 fi
762 544 805 617 ad
826 544 921 623 illam
943 545 966 613 ii
986 543 1222 616 admittantur
1239 571 1390 641 quorum
1410 551 1483 623 vita

177 670 327 747 propter
353 647 510 721 scandala
530 644 620 716 male
638 641 769 716 audiat.
787 662 788 665 ’
812 641 871 713 Te
889 664 974 712 vero
995 665 1061 737 pro
1079 664 1122 711 eo
1143 641 1179 711 in
1199 665 1304 738 quem
1326 666 1361 718 te
1381 646 1483 722 Deus

177 748 298 819 evexit
324 747 407 818 loco
432 765 554 816 curare
580 742 616 812 in
643 740 766 837 primis
792 761 854 834 par
879 737 952 830 est,
988 759 1029 811 ut
1047 737 1106 809 alii
1125 762 1247 812 omnes
1265 741 1396 815 subditi
1416 769 1483 840 pro

177 845 240 916 suo
268 846 417 938 quisque
445 841 528 912 loco
548 840 584 912 δι
602 837 794 909 vocatione
811 859 953 908 manum
973 836 1074 932 operi
1092 833 1326 930 admoveant,
1354 839 1485 937 singuli

180 961 295 1037 partes
316 940 388 1011 suas
408 939 600 1031 impleant,
626 955 666 1006 ut
684 934 774 1005 ordo
791 934 953 1031 legitime
973 931 1108 1028 politus
1127 933 1274 1028 perinde
1291 939 1396 1008 etiam
1416 937 1484 1009 ob·

179 1037 348 1109 servetur.
393 1037 468 1106 Hic
496 1057 603 1123 vero,
631 1027 854 1128 Ampliffime
874 1033 1056 1123 Domine,
1083 1032 1118 1100 in
1137 1031 1333 1106 excusanda
1350 1032 1484 1129 episto·

180 1137 226 1206 lae
254 1134 466 1228 prolixitate
484 1154 554 1201 non
574 1153 635 1201 ero
654 1129 850 1224 prolixior,
878 1152 992 1224 neque
1009 1127 1113 1201 valde
1131 1127 1351 1225 deprecabor
1368 1127 1485 1206 offen·

181 1229 313 1302 fionem
341 1229 439 1327 quod
468 1230 515 1300 ita
541 1247 662 1323 aperte
686 1227 795 1299 animi
820 1229 891 1300 mei
909 1225 1042 1300 sensum
1062 1226 1129 1299 tibi
1146 1229 1366 1321 aperuerim:
1395 1253 1485 1304 cou-

181 1327 257 1399 sido
276 1330 370 1399 enim
387 1326 615 1423 exploratum
633 1323 701 1397 else
719 1326 787 1399 tibi
804 1328 960 1398 animum
980 1348 1099 1398 meum
1118 1348 1183 1420 pro
1201 1343 1262 1397 tua
1280 1325 1485 1423 prudentia5

180 1449 222 1498 ac
250 1449 316 1519 pro
343 1450 386 1497 eo
415 1423 476 1497 usu
503 1424 701 1518 Scripturae
726 1445 830 1519 quem
851 1424 978 1513 habes,
1005 1421 1143 1495 facilen
1171 1423 1329 1496 niturum
1349 1448 1394 1496 ex
1413 1449 1487 1520 quo

180 1520 282 1595 sonte
302 1521 495 1610 hauserim,
515 1545 595 1615 quae
614 1519 770 1616 superius
784 1518 1132 1617 comprehensaime
1144 1445 1206 1594 ἐκ
1221 1519 1338 1596 habes.
1364 1522 1489 1617 Quare

181 1644 254 1693 non
280 1620 331 1691 est
359 1619 457 1714 quod
476 1637 655 1708 metuam,
681 1641 724 1690 ne
742 1616 919 1691 fastidium
941 1616 1007 1690 tibi
1025 1617 1205 1691 attulerim
1226 1640 1287 1690 aut
1306 1621 1489 1715 importu-

83 1722 87 1730 '
182 1718 261 1789 nius
279 1715 387 1813 egisse
405 1715 518 1787 videri
537 1711 684 1812 possim,
709 1716 771 1787 ubi
790 1715 927 1789 ostendi
947 1738 1013 1812 pro
1032 1739 1109 1789 mea
1127 1717 1303 1790 tenuitate
1314 1716 1489 1792 fiucerum

181 1815 285 1887 illum
306 1810 500 1903 affeetum,
524 1812 584 1906 qui
603 1836 646 1885 eo
666 1812 778 1886 fertur
795 1816 902 1888 unice
918 1834 960 1886 ut
979 1814 1051 1886 Dei
1068 1836 1198 1887 nomen
1218 1838 1282 1911 per
1299 1833 1336 1887 te
1351 1814 1421 1888 sem
1451 1838 1490 1894 er

184 1935 291 2008 quam
311 1909 517 2007 ampliffime
535 1909 774 2007 glorificetur.
802 1912 891 1985 Hoc
909 1909 953 1983 ab
973 1910 1036 1984 illo
1052 1911 1202 2010 supplex
1220 1913 1256 1985 in
1273 1912 1347 1985 dies
1365 1839 1490 2011 posu·

183 2009 244 2103 lo,
271 2033 311 2082 ac
331 2032 483 2104 precor,
505 2029 545 2078 ut
566 2007 623 2078 sua
640 2010 677 2080 in
694 2030 730 2081 te
748 2011 842 2082 dona
859 2008 1040 2082 cumulate
1057 2011 1251 2108 adaugeat,
1268 2009 1331 2085 suo
1350 2031 1385 2085 te
1405 2011 1491 2108 spi·

183 2109 257 2178 ritu
286 2107 321 2174 in
348 2128 430 2177 vera
447 2106 485 2178 &
504 2103 636 2174 invicta
654 2104 851 2177 constantia
869 2104 1082 2197 confirmet,
1107 2126 1249 2179 tueatur
1268 2109 1305 2183 ὃ(
1324 2106 1492 2185 sustineat

184 2216 311 2272 contra
340 2221 464 2270 omnes
489 2198 724 2292 adversarios,
754 2220 791 2272 te
808 2219 960 2294 tuosque
976 2201 1144 2296 praesidio
1162 2199 1224 2273 suo
1242 2222 1364 2300 tegat,
1392 2227 1491 2279 tuam

185 2296 283 2368 illam
302 2291 642 2367 administrationem
661 2297 712 2366 ita
728 2293 933 2393 prosperet,
958 2319 1001 2369 ut
1018 2299 1117 2395 Regi
1136 2320 1389 2396 argumentum
1407 2300 1492 2376 inde

185 2413 287 2468 extet
313 2389 420 2488 ipfius
438 2389 736 2485 concelebrandi,
761 2397 821 2468 cui
841 2414 912 2467 tam
940 2416 1167 2489 opportunus
1187 2398 1223 2472 &
1243 2395 1295 2470 sui
1313 2395 1434 2473 redor
1451 2400 1501 2477 δι’

184 2491 288 2588 regni
313 2490 350 2562 in
368 2489 429 2563 illa
446 2508 553 2562 aetate
570 2491 669 2564 conti
698 2491 779 2568 erit.
820 2492 985 2567 Tandem
1005 2495 1015 2564 i
1047 2495 1118 2568 itur
1135 2517 1305 2591 perquam
1325 2493 1491 2571 demiffis·

184 2587 272 2662 fime
288 2584 398 2661 salute
415 2587 436 2660 ai
454 2610 511 2659 me
527 2585 596 2661 tibi
613 2589 656 2663 ad
672 2591 812 2687 cripta,
831 2591 939 2667 finem
958 2517 1134 2667 scrsiendi
1151 2592 1293 2668 faciam.
1311 2592 1489 2690 Generae,

187 2706 247 2761 ιι.
265 2681 452 2761 Οᾶοδτίε.
470 2685 530 2763 Μ.
549 2685 601 2763 D.
618 2709 806 2765 xavrrr.
1140 2712 1143 2720 ·
1479 2717 1481 2722 ·

865 2879 944 2961 Tuae
962 2883 1177 2961 Excellentiae
1194 2884 1406 2983 deditiffimur

957 2998 1107 3096 Joannrs
1125 3003 1304 3076 Calvinus.
