<?xml version="1.0" encoding="UTF-8"?>
<!DOCTYPE html PUBLIC "-//W3C//DTD XHTML 1.0 Transitional//EN"
    "http://www.w3.org/TR/xhtml1/DTD/xhtml1-transitional.dtd">
<html xmlns="http://www.w3.org/1999/xhtml" xml:lang="en" lang="en">
 <head>
  <title>
</title>
<meta http-equiv="Content-Type" content="text/html;charset=utf-8" />
  <meta name='ocr-system' content='tesseract 3.04.00' />
  <meta name='ocr-capabilities' content='ocr_page ocr_carea ocr_par ocr_line ocrx_word'/>
</head>
<body>
  <div class='ocr_page' id='page_1' title='image "./introductioinhi02gerdgoog_0593.png"; bbox 0 0 3322 4456; ppageno 0'>
   <div class='ocr_carea' id='block_1_1' title="bbox 87 315 1488 646">
    <p class='ocr_par' dir='ltr' id='par_1_1' title="bbox 87 315 1488 646">
     <span class='ocr_line' id='line_1_1' title="bbox 769 315 902 412; baseline 0.008 -2"><span class='ocrx_word' id='word_1_1' title='bbox 769 315 902 412; x_wconf 69' lang='lat' dir='ltr'>(no)</span> 
     </span>
     <span class='ocr_line' id='line_1_2' title="bbox 217 440 1487 556; baseline -0.006 -27"><span class='ocrx_word' id='word_1_2' title='bbox 217 477 275 529; x_wconf 86' lang='lat' dir='ltr'>ere</span> <span class='ocrx_word' id='word_1_3' title='bbox 298 453 374 554; x_wconf 82' lang='lat' dir='ltr'>ejus</span> <span class='ocrx_word' id='word_1_4' title='bbox 391 461 621 547; x_wconf 84' lang='lat' dir='ltr'>argumenta,</span> <span class='ocrx_word' id='word_1_5' title='bbox 646 440 766 519; x_wconf 87' lang='lat' dir='ltr'>saitem</span> <span class='ocrx_word' id='word_1_6' title='bbox 787 469 921 552; x_wconf 85' lang='lat' dir='ltr'>nonen</span> <span class='ocrx_word' id='word_1_7' title='bbox 939 441 1131 518; x_wconf 88' lang='lat' dir='ltr'>verborum</span> <span class='ocrx_word' id='word_1_8' title='bbox 1151 462 1276 556; x_wconf 78' lang='lat' dir='ltr'>tenore</span> <span class='ocrx_word' id='word_1_9' title='bbox 1293 466 1397 547; x_wconf 88' lang='lat' dir='ltr'>atque</span> <span class='ocrx_word' id='word_1_10' title='bbox 1415 448 1487 549; x_wconf 83' lang='lat' dir='ltr'>sty-</span> 
     </span>
     <span class='ocr_line' id='line_1_3' title="bbox 87 474 1488 646; baseline -0.002 -21"><span class='ocrx_word' id='word_1_11' title='bbox 87 608 90 614; x_wconf 82' lang='lat'>.</span> <span class='ocrx_word' id='word_1_12' title='bbox 188 474 227 623; x_wconf 64' lang='lat' dir='ltr'>fo</span> <span class='ocrx_word' id='word_1_13' title='bbox 253 549 391 646; x_wconf 85' lang='lat' dir='ltr'>semper</span> <span class='ocrx_word' id='word_1_14' title='bbox 416 545 485 619; x_wconf 83' lang='lat' dir='ltr'>effe</span> <span class='ocrx_word' id='word_1_15' title='bbox 511 539 718 643; x_wconf 83' lang='lat' dir='ltr'>propoiita,</span> <span class='ocrx_word' id='word_1_16' title='bbox 752 562 793 615; x_wconf 92' lang='lat' dir='ltr'>ut</span> <span class='ocrx_word' id='word_1_17' title='bbox 810 544 969 614; x_wconf 87' lang='lat' dir='ltr'>animum</span> <span class='ocrx_word' id='word_1_18' title='bbox 989 544 1062 615; x_wconf 84' lang='lat' dir='ltr'>veri</span> <span class='ocrx_word' id='word_1_19' title='bbox 1083 543 1254 637; x_wconf 72' lang='lat' dir='ltr'>cupidum</span> <span class='ocrx_word' id='word_1_20' title='bbox 1274 545 1488 641; x_wconf 85' lang='lat' dir='ltr'>informare,</span> 
     </span>
    </p>
   </div>
   <div class='ocr_carea' id='block_1_2' title="bbox 141 637 1572 836">
    <p class='ocr_par' dir='ltr' id='par_1_2' title="bbox 141 637 1572 836">
     <span class='ocr_line' id='line_1_4' title="bbox 188 637 1572 742; baseline -0.01 -23"><span class='ocrx_word' id='word_1_21' title='bbox 188 664 296 742; x_wconf 79' lang='lat' dir='ltr'>atque</span> <span class='ocrx_word' id='word_1_22' title='bbox 320 646 364 719; x_wconf 91' lang='lat' dir='ltr'>ab</span> <span class='ocrx_word' id='word_1_23' title='bbox 393 643 490 716; x_wconf 89' lang='lat' dir='ltr'>omni</span> <span class='ocrx_word' id='word_1_24' title='bbox 518 637 676 737; x_wconf 84' lang='lat' dir='ltr'>oppofiti</span> <span class='ocrx_word' id='word_1_25' title='bbox 702 638 895 711; x_wconf 85' lang='lat' dir='ltr'>formidine</span> <span class='ocrx_word' id='word_1_26' title='bbox 923 638 1073 711; x_wconf 89' lang='lat' dir='ltr'>liberum</span> <span class='ocrx_word' id='word_1_27' title='bbox 1104 638 1218 711; x_wconf 77' lang='lat' dir='ltr'>sistere</span> <span class='ocrx_word' id='word_1_28' title='bbox 1241 664 1393 735; x_wconf 72' lang='lat' dir='ltr'>quean13</span> <span class='ocrx_word' id='word_1_29' title='bbox 1428 645 1487 720; x_wconf 92' lang='lat' dir='ltr'>Ut</span> <span class='ocrx_word' id='word_1_30' title='bbox 1568 695 1572 705; x_wconf 94' lang='lat'>.</span> 
     </span>
     <span class='ocr_line' id='line_1_5' title="bbox 141 735 1487 836; baseline -0.001 -20"><span class='ocrx_word' id='word_1_31' title='bbox 141 788 143 795; x_wconf 67' lang='grc'><em>»</em></span> <span class='ocrx_word' id='word_1_32' title='bbox 187 746 274 816; x_wconf 75' lang='lat' dir='ltr'>vere</span> <span class='ocrx_word' id='word_1_33' title='bbox 302 745 432 814; x_wconf 88' lang='lat' dir='ltr'>mirum</span> <span class='ocrx_word' id='word_1_34' title='bbox 460 762 608 836; x_wconf 77' lang='lat' dir='ltr'>quoque</span> <span class='ocrx_word' id='word_1_35' title='bbox 630 743 691 826; x_wconf 87' lang='lat' dir='ltr'>(ne</span> <span class='ocrx_word' id='word_1_36' title='bbox 718 735 817 832; x_wconf 92' lang='lat' dir='ltr'>quod</span> <span class='ocrx_word' id='word_1_37' title='bbox 843 743 895 808; x_wconf 86' lang='lat' dir='ltr'>res</span> <span class='ocrx_word' id='word_1_38' title='bbox 914 735 964 809; x_wconf 90' lang='lat' dir='ltr'>est</span> <span class='ocrx_word' id='word_1_39' title='bbox 983 736 1152 823; x_wconf 88' lang='lat' dir='ltr'>celemus)</span> <span class='ocrx_word' id='word_1_40' title='bbox 1180 737 1282 808; x_wconf 89' lang='lat' dir='ltr'>nobis</span> <span class='ocrx_word' id='word_1_41' title='bbox 1301 742 1487 834; x_wconf 54' lang='lat' dir='ltr'>videaturj</span> 
     </span>
    </p>
   </div>
   <div class='ocr_carea' id='block_1_3' title="bbox 82 832 1610 933">
    <p class='ocr_par' dir='ltr' id='par_1_3' title="bbox 82 832 1610 933">
     <span class='ocr_line' id='line_1_6' title="bbox 82 832 1610 933; baseline -0.001 -21"><span class='ocrx_word' id='word_1_42' title='bbox 82 887 85 891; x_wconf 64' lang='grc'><strong><em>«</em></strong></span> <span class='ocrx_word' id='word_1_43' title='bbox 187 840 286 933; x_wconf 93' lang='lat' dir='ltr'>quod</span> <span class='ocrx_word' id='word_1_44' title='bbox 315 841 404 911; x_wconf 91' lang='lat' dir='ltr'>hanc</span> <span class='ocrx_word' id='word_1_45' title='bbox 432 859 506 932; x_wconf 87' lang='lat' dir='ltr'>prae</span> <span class='ocrx_word' id='word_1_46' title='bbox 532 835 658 907; x_wconf 89' lang='lat' dir='ltr'>ceteris</span> <span class='ocrx_word' id='word_1_47' title='bbox 685 832 834 928; x_wconf 85' lang='lat' dir='ltr'>elegerit</span> <span class='ocrx_word' id='word_1_48' title='bbox 859 835 970 924; x_wconf 85' lang='lat' dir='ltr'>Rex,</span> <span class='ocrx_word' id='word_1_49' title='bbox 1006 834 1220 929; x_wconf 85' lang='lat' dir='ltr'>dignamque</span> <span class='ocrx_word' id='word_1_50' title='bbox 1243 835 1486 928; x_wconf 83' lang='lat' dir='ltr'>judicaverit,</span> <span class='ocrx_word' id='word_1_51' title='bbox 1605 926 1610 932; x_wconf 10' lang='grc' dir='ltr'><em>ί</em></span> 
     </span>
    </p>
   </div>
   <div class='ocr_carea' id='block_1_4' title="bbox 186 927 1486 1125">
    <p class='ocr_par' dir='ltr' id='par_1_4' title="bbox 186 927 1486 1125">
     <span class='ocr_line' id='line_1_7' title="bbox 214 927 1486 1031; baseline 0.001 -25"><span class='ocrx_word' id='word_1_52' title='bbox 214 958 291 1024; x_wconf 87' lang='lat' dir='ltr'>uam</span> <span class='ocrx_word' id='word_1_53' title='bbox 318 933 526 1031; x_wconf 85' lang='lat' dir='ltr'>Reginaldo</span> <span class='ocrx_word' id='word_1_54' title='bbox 552 931 665 1018; x_wconf 88' lang='lat' dir='ltr'>Polo,</span> <span class='ocrx_word' id='word_1_55' title='bbox 693 946 858 1024; x_wconf 84' lang='lat' dir='ltr'>tanquam</span> <span class='ocrx_word' id='word_1_56' title='bbox 883 927 1129 1002; x_wconf 84' lang='lat' dir='ltr'>validiffimum</span> <span class='ocrx_word' id='word_1_57' title='bbox 1151 928 1347 1003; x_wconf 85' lang='lat' dir='ltr'>causae·suae</span> <span class='ocrx_word' id='word_1_58' title='bbox 1364 934 1486 1029; x_wconf 82' lang='lat' dir='ltr'>praefi·</span> 
     </span>
     <span class='ocr_line' id='line_1_8' title="bbox 186 957 1206 1125; baseline -0.005 -21"><span class='ocrx_word' id='word_1_59' title='bbox 186 957 309 1125; x_wconf 46' lang='lat' dir='ltr'>flium,</span> <span class='ocrx_word' id='word_1_60' title='bbox 326 1035 385 1105; x_wconf 91' lang='lat' dir='ltr'>cui</span> <span class='ocrx_word' id='word_1_61' title='bbox 405 1029 495 1102; x_wconf 94' lang='lat' dir='ltr'>nihil</span> <span class='ocrx_word' id='word_1_62' title='bbox 513 1025 618 1100; x_wconf 71' lang='lat' dir='ltr'>facile</span> <span class='ocrx_word' id='word_1_63' title='bbox 636 1028 760 1122; x_wconf 90' lang='lat' dir='ltr'>reponi</span> <span class='ocrx_word' id='word_1_64' title='bbox 779 1024 917 1124; x_wconf 81' lang='lat' dir='ltr'>poffet‚</span> <span class='ocrx_word' id='word_1_65' title='bbox 938 1028 1206 1100; x_wconf 82' lang='lat' dir='ltr'>transmitteret.</span> 
     </span>
    </p>
   </div>
   <div class='ocr_carea' id='block_1_5' title="bbox 187 1197 1486 1373">
    <p class='ocr_par' dir='ltr' id='par_1_5' title="bbox 187 1197 1486 1373">
     <span class='ocr_line' id='line_1_9' title="bbox 231 1197 1486 1371; baseline 0.004 -98"><span class='ocrx_word' id='word_1_66' title='bbox 231 1204 295 1371; x_wconf 58' lang='lat' dir='ltr'>ffu</span> <span class='ocrx_word' id='word_1_67' title='bbox 318 1202 483 1296; x_wconf 86' lang='lat' dir='ltr'>interim,</span> <span class='ocrx_word' id='word_1_68' title='bbox 509 1200 553 1272; x_wconf 90' lang='lat' dir='ltr'>B.</span> <span class='ocrx_word' id='word_1_69' title='bbox 565 1198 611 1270; x_wconf 90' lang='lat' dir='ltr'>L.</span> <span class='ocrx_word' id='word_1_70' title='bbox 630 1199 711 1296; x_wconf 86' lang='lat' dir='ltr'>lege</span> <span class='ocrx_word' id='word_1_71' title='bbox 728 1217 834 1296; x_wconf 90' lang='lat' dir='ltr'>atque</span> <span class='ocrx_word' id='word_1_72' title='bbox 848 1197 992 1293; x_wconf 83' lang='lat' dir='ltr'>judica:</span> <span class='ocrx_word' id='word_1_73' title='bbox 1021 1198 1099 1294; x_wconf 80' lang='lat' dir='ltr'>Ipso</span> <span class='ocrx_word' id='word_1_74' title='bbox 1118 1201 1250 1276; x_wconf 89' lang='lat' dir='ltr'>Oratio</span> <span class='ocrx_word' id='word_1_75' title='bbox 1269 1201 1359 1277; x_wconf 90' lang='lat' dir='ltr'>hanc</span> <span class='ocrx_word' id='word_1_76' title='bbox 1377 1201 1486 1278; x_wconf 88' lang='lat' dir='ltr'>habet</span> 
     </span>
     <span class='ocr_line' id='line_1_10' title="bbox 187 1323 379 1373; baseline 0 -1"><span class='ocrx_word' id='word_1_77' title='bbox 187 1323 228 1372; x_wconf 90' lang='lat' dir='ltr'>ru</span> <span class='ocrx_word' id='word_1_78' title='bbox 256 1323 379 1373; x_wconf 87' lang='lat' dir='ltr'>neam.</span> 
     </span>
    </p>
   </div>
   <div class='ocr_carea' id='block_1_6' title="bbox 226 1491 1388 1675">
    <p class='ocr_par' dir='ltr' id='par_1_6' title="bbox 226 1491 1388 1675">
     <span class='ocr_line' id='line_1_11' title="bbox 226 1491 1388 1675; baseline 0.001 -27"><span class='ocrx_word' id='word_1_79' title='bbox 226 1491 763 1650; x_wconf 78' lang='lat' dir='ltr'>ntcnnnnt</span> <span class='ocrx_word' id='word_1_80' title='bbox 822 1548 1388 1675; x_wconf 69' lang='lat' dir='ltr'>snntpsoms,</span> 
     </span>
    </p>
   </div>
   <div class='ocr_carea' id='block_1_7' title="bbox 177 1717 1572 2595">
    <p class='ocr_par' dir='ltr' id='par_1_7' title="bbox 177 1717 1572 2595">
     <span class='ocr_line' id='line_1_12' title="bbox 184 1717 1483 1827; baseline 0.001 -24"><span class='ocrx_word' id='word_1_81' title='bbox 184 1730 284 1827; x_wconf 86' lang='lat' dir='ltr'>Regii</span> <span class='ocrx_word' id='word_1_82' title='bbox 301 1728 423 1802; x_wconf 83' lang='lat' dir='ltr'>Sacelli</span> <span class='ocrx_word' id='word_1_83' title='bbox 437 1728 592 1817; x_wconf 81' lang='lat' dir='ltr'>Decani,</span> <span class='ocrx_word' id='word_1_84' title='bbox 610 1727 757 1798; x_wconf 81' lang='lat' dir='ltr'>Oratio:</span> <span class='ocrx_word' id='word_1_85' title='bbox 782 1725 865 1823; x_wconf 60' lang='lat' dir='ltr'>,Qua</span> <span class='ocrx_word' id='word_1_86' title='bbox 882 1725 992 1813; x_wconf 85' lang='lat' dir='ltr'>docet,</span> <span class='ocrx_word' id='word_1_87' title='bbox 1009 1717 1186 1816; x_wconf 77' lang='lat' dir='ltr'>hortetur,</span> <span class='ocrx_word' id='word_1_88' title='bbox 1205 1727 1355 1801; x_wconf 78' lang='lat' dir='ltr'>admonet</span> <span class='ocrx_word' id='word_1_89' title='bbox 1364 1755 1483 1822; x_wconf 86' lang='lat' dir='ltr'>omnes,</span> 
     </span>
     <span class='ocr_line' id='line_1_13' title="bbox 224 1821 1485 1923; baseline 0.002 -24"><span class='ocrx_word' id='word_1_90' title='bbox 224 1825 421 1922; x_wconf 75' lang='lat' dir='ltr'>potefflmim</span> <span class='ocrx_word' id='word_1_91' title='bbox 437 1821 601 1919; x_wconf 85' lang='lat' dir='ltr'>Anglos,</span> <span class='ocrx_word' id='word_1_92' title='bbox 619 1830 716 1919; x_wconf 78' lang='lat' dir='ltr'>regie</span> <span class='ocrx_word' id='word_1_93' title='bbox 732 1821 913 1917; x_wconf 83' lang='lat' dir='ltr'>Dignitoti</span> <span class='ocrx_word' id='word_1_94' title='bbox 930 1842 1000 1893; x_wconf 87' lang='lat' dir='ltr'>com</span> <span class='ocrx_word' id='word_1_95' title='bbox 1013 1826 1132 1912; x_wconf 86' lang='lat' dir='ltr'>primis</span> <span class='ocrx_word' id='word_1_96' title='bbox 1151 1837 1190 1894; x_wconf 79' lang='lat' dir='ltr'>nt</span> <span class='ocrx_word' id='word_1_97' title='bbox 1206 1825 1376 1913; x_wconf 76' lang='lat' dir='ltr'>obediant3</span> <span class='ocrx_word' id='word_1_98' title='bbox 1405 1834 1485 1923; x_wconf 87' lang='lat' dir='ltr'>quio</span> 
     </span>
     <span class='ocr_line' id='line_1_14' title="bbox 177 1919 1485 2023; baseline 0.001 -26"><span class='ocrx_word' id='word_1_99' title='bbox 177 1934 181 1941; x_wconf 85' lang='lat'>&#39;</span> <span class='ocrx_word' id='word_1_100' title='bbox 230 1925 379 1998; x_wconf 85' lang='lat' dir='ltr'>Verbum</span> <span class='ocrx_word' id='word_1_101' title='bbox 405 1922 477 1995; x_wconf 87' lang='lat' dir='ltr'>Dei</span> <span class='ocrx_word' id='word_1_102' title='bbox 498 1924 672 2016; x_wconf 77' lang='lat' dir='ltr'>precipit3</span> <span class='ocrx_word' id='word_1_103' title='bbox 708 1919 864 2012; x_wconf 68' lang='lat' dir='ltr'>Episcopo</span> <span class='ocrx_word' id='word_1_104' title='bbox 891 1919 1061 1988; x_wconf 85' lang='lat' dir='ltr'>Romano</span> <span class='ocrx_word' id='word_1_105' title='bbox 1078 1942 1115 1990; x_wconf 87' lang='lat' dir='ltr'>ne</span> <span class='ocrx_word' id='word_1_106' title='bbox 1124 1924 1195 2011; x_wconf 81' lang='lat' dir='ltr'>stnt</span> <span class='ocrx_word' id='word_1_107' title='bbox 1213 1922 1401 2015; x_wconf 85' lang='lat' dir='ltr'>audientes,</span> <span class='ocrx_word' id='word_1_108' title='bbox 1426 1931 1485 2023; x_wconf 88' lang='lat' dir='ltr'>qni</span> 
     </span>
     <span class='ocr_line' id='line_1_15' title="bbox 229 2014 1484 2116; baseline -0.006 -22"><span class='ocrx_word' id='word_1_109' title='bbox 229 2025 318 2093; x_wconf 79' lang='lat' dir='ltr'>nulio</span> <span class='ocrx_word' id='word_1_110' title='bbox 336 2021 417 2110; x_wconf 87' lang='lat' dir='ltr'>jure</span> <span class='ocrx_word' id='word_1_111' title='bbox 442 2018 558 2088; x_wconf 86' lang='lat' dir='ltr'>divino</span> <span class='ocrx_word' id='word_1_112' title='bbox 583 2023 619 2086; x_wconf 91' lang='lat' dir='ltr'>in</span> <span class='ocrx_word' id='word_1_113' title='bbox 644 2039 695 2087; x_wconf 85' lang='lat' dir='ltr'>eos</span> <span class='ocrx_word' id='word_1_114' title='bbox 720 2022 892 2111; x_wconf 89' lang='lat' dir='ltr'>qnicquom</span> <span class='ocrx_word' id='word_1_115' title='bbox 911 2014 1091 2105; x_wconf 88' lang='lat' dir='ltr'>Potestotis</span> <span class='ocrx_word' id='word_1_116' title='bbox 1108 2015 1227 2106; x_wconf 79' lang='lat' dir='ltr'>hebet,</span> <span class='ocrx_word' id='word_1_117' title='bbox 1248 2019 1416 2116; x_wconf 82' lang='lat' dir='ltr'>postquam</span> <span class='ocrx_word' id='word_1_118' title='bbox 1431 2030 1484 2098; x_wconf 79' lang='lat' dir='ltr'>ita</span> 
     </span>
     <span class='ocr_line' id='line_1_16' title="bbox 219 2111 1485 2214; baseline 0.002 -28"><span class='ocrx_word' id='word_1_119' title='bbox 219 2117 319 2207; x_wconf 86' lang='lat' dir='ltr'>jubet</span> <span class='ocrx_word' id='word_1_120' title='bbox 344 2117 442 2202; x_wconf 83' lang='lat' dir='ltr'>Rex,</span> <span class='ocrx_word' id='word_1_121' title='bbox 475 2129 513 2183; x_wconf 86' lang='lat' dir='ltr'>ut</span> <span class='ocrx_word' id='word_1_122' title='bbox 532 2115 585 2184; x_wconf 86' lang='lat' dir='ltr'>illi</span> <span class='ocrx_word' id='word_1_123' title='bbox 601 2136 663 2181; x_wconf 91' lang='lat' dir='ltr'>non</span> <span class='ocrx_word' id='word_1_124' title='bbox 681 2112 843 2182; x_wconf 84' lang='lat' dir='ltr'>obediant.</span> <span class='ocrx_word' id='word_1_125' title='bbox 885 2113 962 2206; x_wconf 60' lang='lat' dir='ltr'>,Qui</span> <span class='ocrx_word' id='word_1_126' title='bbox 977 2127 1089 2182; x_wconf 82' lang='lat' dir='ltr'>contro</span> <span class='ocrx_word' id='word_1_127' title='bbox 1099 2111 1244 2201; x_wconf 83' lang='lat' dir='ltr'>fecerint</span> <span class='ocrx_word' id='word_1_128' title='bbox 1261 2140 1312 2188; x_wconf 90' lang='lat' dir='ltr'>eos</span> <span class='ocrx_word' id='word_1_129' title='bbox 1322 2122 1485 2214; x_wconf 64' lang='lat' dir='ltr'>precipio</span> 
     </span>
     <span class='ocr_line' id='line_1_17' title="bbox 228 2207 1572 2302; baseline -0.004 -22"><span class='ocrx_word' id='word_1_130' title='bbox 228 2209 318 2280; x_wconf 82' lang='lat' dir='ltr'>docet</span> <span class='ocrx_word' id='word_1_131' title='bbox 346 2209 464 2300; x_wconf 84' lang='lat' dir='ltr'><em>Legem</em></span> <span class='ocrx_word' id='word_1_132' title='bbox 490 2208 643 2277; x_wconf 87' lang='lat' dir='ltr'>divinam</span> <span class='ocrx_word' id='word_1_133' title='bbox 665 2220 873 2276; x_wconf 83' lang='lat' dir='ltr'>contemnere.</span> <span class='ocrx_word' id='word_1_134' title='bbox 916 2209 997 2275; x_wconf 90' lang='lat' dir='ltr'>Non</span> <span class='ocrx_word' id='word_1_135' title='bbox 1015 2207 1058 2296; x_wconf 82' lang='lat' dir='ltr'>est</span> <span class='ocrx_word' id='word_1_136' title='bbox 1075 2230 1148 2300; x_wconf 82' lang='lat' dir='ltr'>ergo</span> <span class='ocrx_word' id='word_1_137' title='bbox 1166 2211 1327 2302; x_wconf 85' lang='lat' dir='ltr'>qnodstbi</span> <span class='ocrx_word' id='word_1_138' title='bbox 1343 2223 1484 2289; x_wconf 84' lang='lat' dir='ltr'>timeant</span> <span class='ocrx_word' id='word_1_139' title='bbox 1570 2269 1572 2274; x_wconf 89' lang='lat'><em>.</em></span> 
     </span>
     <span class='ocr_line' id='line_1_18' title="bbox 226 2298 1484 2402; baseline -0.005 -26"><span class='ocrx_word' id='word_1_140' title='bbox 226 2303 364 2402; x_wconf 83' lang='lat' dir='ltr'>Angli,</span> <span class='ocrx_word' id='word_1_141' title='bbox 390 2302 428 2372; x_wconf 87' lang='lat' dir='ltr'>de</span> <span class='ocrx_word' id='word_1_142' title='bbox 445 2305 591 2374; x_wconf 87' lang='lat' dir='ltr'>humano</span> <span class='ocrx_word' id='word_1_143' title='bbox 608 2305 727 2395; x_wconf 87' lang='lat' dir='ltr'>quovis</span> <span class='ocrx_word' id='word_1_144' title='bbox 746 2299 913 2392; x_wconf 80' lang='lat' dir='ltr'>Potestote</span> <span class='ocrx_word' id='word_1_145' title='bbox 932 2298 1084 2393; x_wconf 82' lang='lat' dir='ltr'>Episcopi</span> <span class='ocrx_word' id='word_1_146' title='bbox 1104 2304 1284 2396; x_wconf 86' lang='lat' dir='ltr'>Romani,</span> <span class='ocrx_word' id='word_1_147' title='bbox 1303 2314 1361 2402; x_wconf 81' lang='lat' dir='ltr'>qui</span> <span class='ocrx_word' id='word_1_148' title='bbox 1378 2317 1484 2386; x_wconf 70' lang='lat' dir='ltr'>aliam</span> 
     </span>
     <span class='ocr_line' id='line_1_19' title="bbox 227 2395 1483 2501; baseline 0.003 -23"><span class='ocrx_word' id='word_1_149' title='bbox 227 2427 326 2501; x_wconf 82' lang='lat' dir='ltr'>qnam</span> <span class='ocrx_word' id='word_1_150' title='bbox 344 2402 543 2487; x_wconf 87' lang='lat' dir='ltr'>homonem,</span> <span class='ocrx_word' id='word_1_151' title='bbox 569 2397 628 2487; x_wconf 86' lang='lat' dir='ltr'>hoc</span> <span class='ocrx_word' id='word_1_152' title='bbox 645 2395 711 2488; x_wconf 85' lang='lat' dir='ltr'>est,</span> <span class='ocrx_word' id='word_1_153' title='bbox 728 2398 868 2469; x_wconf 87' lang='lat' dir='ltr'>hnmano</span> <span class='ocrx_word' id='word_1_154' title='bbox 887 2395 1067 2494; x_wconf 73' lang='lat' dir='ltr'>Consmfh,</span> <span class='ocrx_word' id='word_1_155' title='bbox 1083 2402 1119 2469; x_wconf 85' lang='lat' dir='ltr'>in</span> <span class='ocrx_word' id='word_1_156' title='bbox 1139 2400 1278 2497; x_wconf 83' lang='lat' dir='ltr'>Anglos</span> <span class='ocrx_word' id='word_1_157' title='bbox 1294 2407 1483 2483; x_wconf 83' lang='lat' dir='ltr'>nonhabet.</span> 
     </span>
     <span class='ocr_line' id='line_1_20' title="bbox 180 2493 1468 2595; baseline -0.01 -21"><span class='ocrx_word' id='word_1_158' title='bbox 180 2528 183 2536; x_wconf 89' lang='lat'>·</span> <span class='ocrx_word' id='word_1_159' title='bbox 228 2502 396 2573; x_wconf 84' lang='lat' dir='ltr'>Obediant</span> <span class='ocrx_word' id='word_1_160' title='bbox 413 2493 517 2595; x_wconf 83' lang='lat' dir='ltr'>igitur</span> <span class='ocrx_word' id='word_1_161' title='bbox 533 2494 630 2585; x_wconf 87' lang='lat' dir='ltr'>Deo,</span> <span class='ocrx_word' id='word_1_162' title='bbox 656 2516 717 2565; x_wconf 91' lang='lat' dir='ltr'>non</span> <span class='ocrx_word' id='word_1_163' title='bbox 734 2495 870 2568; x_wconf 87' lang='lat' dir='ltr'>homini.</span> <span class='ocrx_word' id='word_1_164' title='bbox 1465 2504 1468 2513; x_wconf 84' lang='lat'>&#39;</span> 
     </span>
    </p>
   </div>
   <div class='ocr_carea' id='block_1_8' title="bbox 483 2683 1167 2779">
    <p class='ocr_par' dir='ltr' id='par_1_8' title="bbox 483 2683 1167 2779">
     <span class='ocr_line' id='line_1_21' title="bbox 483 2683 1167 2779; baseline 0.001 -21"><span class='ocrx_word' id='word_1_165' title='bbox 483 2686 567 2758; x_wconf 84' lang='lat' dir='ltr'>Hec</span> <span class='ocrx_word' id='word_1_166' title='bbox 584 2683 627 2779; x_wconf 82' lang='lat' dir='ltr'>est</span> <span class='ocrx_word' id='word_1_167' title='bbox 645 2683 783 2757; x_wconf 81' lang='lat' dir='ltr'>Veritas</span> <span class='ocrx_word' id='word_1_168' title='bbox 800 2686 909 2761; x_wconf 84' lang='lat' dir='ltr'>Verbo</span> <span class='ocrx_word' id='word_1_169' title='bbox 928 2684 999 2757; x_wconf 84' lang='lat' dir='ltr'>Dei</span> <span class='ocrx_word' id='word_1_170' title='bbox 1008 2684 1167 2777; x_wconf 81' lang='lat' dir='ltr'>firmato.</span> 
     </span>
    </p>
   </div>
   <div class='ocr_carea' id='block_1_9' title="bbox 167 2842 1494 3827">
    <p class='ocr_par' dir='ltr' id='par_1_9' title="bbox 281 2842 1481 2949">
     <span class='ocr_line' id='line_1_22' title="bbox 281 2842 1481 2949; baseline 0.005 -23"><span class='ocrx_word' id='word_1_171' title='bbox 281 2842 396 2926; x_wconf 83' lang='lat' dir='ltr'>1H1L&#39;</span> <span class='ocrx_word' id='word_1_172' title='bbox 423 2850 475 2925; x_wconf 86' lang='lat' dir='ltr'>est</span> <span class='ocrx_word' id='word_1_173' title='bbox 501 2850 596 2923; x_wconf 89' lang='lat' dir='ltr'>aliud</span> <span class='ocrx_word' id='word_1_174' title='bbox 623 2851 660 2920; x_wconf 95' lang='lat' dir='ltr'>in</span> <span class='ocrx_word' id='word_1_175' title='bbox 688 2847 791 2921; x_wconf 85' lang='lat' dir='ltr'>sacris</span> <span class='ocrx_word' id='word_1_176' title='bbox 809 2851 941 2940; x_wconf 86' lang='lat' dir='ltr'>literis,</span> <span class='ocrx_word' id='word_1_177' title='bbox 968 2849 1064 2944; x_wconf 89' lang='lat' dir='ltr'>quod</span> <span class='ocrx_word' id='word_1_178' title='bbox 1082 2876 1139 2925; x_wconf 89' lang='lat' dir='ltr'>me</span> <span class='ocrx_word' id='word_1_179' title='bbox 1159 2871 1345 2949; x_wconf 85' lang='lat' dir='ltr'>tantopere</span> <span class='ocrx_word' id='word_1_180' title='bbox 1362 2856 1405 2930; x_wconf 90' lang='lat' dir='ltr'>ad</span> <span class='ocrx_word' id='word_1_181' title='bbox 1424 2858 1481 2932; x_wconf 59' lang='lat' dir='ltr'>din</span> 
     </span>
    </p>

    <p class='ocr_par' dir='ltr' id='par_1_10' title="bbox 167 2947 1494 3827">
     <span class='ocr_line' id='line_1_23' title="bbox 294 2947 1494 3049; baseline 0.006 -25"><span class='ocrx_word' id='word_1_182' title='bbox 294 2949 484 3024; x_wconf 68' lang='lat' dir='ltr'>leeiionem</span> <span class='ocrx_word' id='word_1_183' title='bbox 506 2949 599 3040; x_wconf 91' lang='lat' dir='ltr'>Dei,</span> <span class='ocrx_word' id='word_1_184' title='bbox 626 2947 662 3020; x_wconf 90' lang='lat'>&amp;</span> <span class='ocrx_word' id='word_1_185' title='bbox 684 2949 842 3020; x_wconf 86' lang='lat' dir='ltr'>Proximi</span> <span class='ocrx_word' id='word_1_186' title='bbox 864 2950 1406 3049; x_wconf 80' lang='lat' dir='ltr'>invitatquamiltudJoan.13.</span> <span class='ocrx_word' id='word_1_187' title='bbox 1426 2949 1494 3032; x_wconf 50' lang='lat' dir='ltr'>ca(</span> 
     </span>
     <span class='ocr_line' id='line_1_24' title="bbox 179 3045 1480 3150; baseline 0.003 -26"><span class='ocrx_word' id='word_1_188' title='bbox 179 3053 388 3124; x_wconf 82' lang='lat' dir='ltr'>Mandatum</span> <span class='ocrx_word' id='word_1_189' title='bbox 406 3072 529 3145; x_wconf 84' lang='lat' dir='ltr'>nouom</span> <span class='ocrx_word' id='word_1_190' title='bbox 545 3045 678 3139; x_wconf 88' lang='lat' dir='ltr'>(inquit</span> <span class='ocrx_word' id='word_1_191' title='bbox 696 3045 877 3136; x_wconf 88' lang='lat' dir='ltr'>Christus)</span> <span class='ocrx_word' id='word_1_192' title='bbox 897 3049 936 3120; x_wconf 80' lang='lat' dir='ltr'>do</span> <span class='ocrx_word' id='word_1_193' title='bbox 954 3049 1068 3138; x_wconf 84' lang='lat' dir='ltr'>vobis,</span> <span class='ocrx_word' id='word_1_194' title='bbox 1094 3064 1132 3120; x_wconf 84' lang='lat' dir='ltr'>nt</span> <span class='ocrx_word' id='word_1_195' title='bbox 1150 3051 1299 3148; x_wconf 82' lang='lat' dir='ltr'>diligatis</span> <span class='ocrx_word' id='word_1_196' title='bbox 1316 3058 1480 3150; x_wconf 85' lang='lat' dir='ltr'>invicem,</span> 
     </span>
     <span class='ocr_line' id='line_1_25' title="bbox 169 3143 1480 3243; baseline 0.005 -27"><span class='ocrx_word' id='word_1_197' title='bbox 169 3152 259 3239; x_wconf 83' lang='lat' dir='ltr'>ficut</span> <span class='ocrx_word' id='word_1_198' title='bbox 277 3146 381 3216; x_wconf 79' lang='lat' dir='ltr'>dilexi</span> <span class='ocrx_word' id='word_1_199' title='bbox 400 3145 490 3234; x_wconf 90' lang='lat' dir='ltr'>Vos,</span> <span class='ocrx_word' id='word_1_200' title='bbox 517 3159 554 3216; x_wconf 78' lang='lat' dir='ltr'>nt</span> <span class='ocrx_word' id='word_1_201' title='bbox 573 3143 615 3223; x_wconf 81' lang='lat'><em>&amp;</em></span> <span class='ocrx_word' id='word_1_202' title='bbox 633 3167 693 3215; x_wconf 84' lang='lat' dir='ltr'>uos</span> <span class='ocrx_word' id='word_1_203' title='bbox 710 3146 860 3239; x_wconf 84' lang='lat' dir='ltr'>diligatis</span> <span class='ocrx_word' id='word_1_204' title='bbox 877 3150 1029 3218; x_wconf 86' lang='lat' dir='ltr'>inuicem.</span> <span class='ocrx_word' id='word_1_205' title='bbox 1064 3149 1204 3217; x_wconf 87' lang='lat' dir='ltr'>Novum</span> <span class='ocrx_word' id='word_1_206' title='bbox 1222 3151 1355 3243; x_wconf 91' lang='lat' dir='ltr'>(inquit</span> <span class='ocrx_word' id='word_1_207' title='bbox 1370 3151 1480 3223; x_wconf 88' lang='lat' dir='ltr'>Chri·</span> 
     </span>
     <span class='ocr_line' id='line_1_26' title="bbox 179 3238 1479 3335; baseline 0.006 -24"><span class='ocrx_word' id='word_1_208' title='bbox 179 3239 267 3324; x_wconf 84' lang='lat' dir='ltr'>stus)</span> <span class='ocrx_word' id='word_1_209' title='bbox 286 3242 514 3333; x_wconf 82' lang='lat' dir='ltr'>Mandatum,</span> <span class='ocrx_word' id='word_1_210' title='bbox 539 3239 612 3313; x_wconf 74' lang='lat' dir='ltr'>&amp;o</span> <span class='ocrx_word' id='word_1_211' title='bbox 647 3238 746 3329; x_wconf 84' lang='lat' dir='ltr'>Quia</span> <span class='ocrx_word' id='word_1_212' title='bbox 765 3243 862 3335; x_wconf 90' lang='lat' dir='ltr'>prius</span> <span class='ocrx_word' id='word_1_213' title='bbox 880 3241 955 3312; x_wconf 85' lang='lat' dir='ltr'>solo</span> <span class='ocrx_word' id='word_1_214' title='bbox 975 3239 1099 3310; x_wconf 91' lang='lat' dir='ltr'>Verbo</span> <span class='ocrx_word' id='word_1_215' title='bbox 1118 3242 1214 3313; x_wconf 73' lang='lat' dir='ltr'>dotti</span> <span class='ocrx_word' id='word_1_216' title='bbox 1232 3243 1332 3314; x_wconf 87' lang='lat' dir='ltr'>estis:</span> <span class='ocrx_word' id='word_1_217' title='bbox 1362 3247 1399 3316; x_wconf 92' lang='lat' dir='ltr'>N</span> <span class='ocrx_word' id='word_1_218' title='bbox 1407 3261 1479 3320; x_wconf 90' lang='lat' dir='ltr'>unc</span> 
     </span>
     <span class='ocr_line' id='line_1_27' title="bbox 167 3334 1478 3435; baseline 0.008 -27"><span class='ocrx_word' id='word_1_219' title='bbox 167 3356 295 3409; x_wconf 84' lang='lat' dir='ltr'>autem</span> <span class='ocrx_word' id='word_1_220' title='bbox 326 3336 451 3410; x_wconf 89' lang='lat' dir='ltr'>Verbo</span> <span class='ocrx_word' id='word_1_221' title='bbox 476 3339 514 3411; x_wconf 88' lang='lat'>&amp;</span> <span class='ocrx_word' id='word_1_222' title='bbox 543 3334 745 3429; x_wconf 85' lang='lat' dir='ltr'>Exemplo:</span> <span class='ocrx_word' id='word_1_223' title='bbox 780 3344 858 3433; x_wconf 84' lang='lat' dir='ltr'>qnia</span> <span class='ocrx_word' id='word_1_224' title='bbox 885 3340 1078 3429; x_wconf 83' lang='lat' dir='ltr'>Exemplum</span> <span class='ocrx_word' id='word_1_225' title='bbox 1103 3341 1197 3411; x_wconf 82' lang='lat' dir='ltr'>uobis</span> <span class='ocrx_word' id='word_1_226' title='bbox 1223 3341 1315 3430; x_wconf 82' lang='lat' dir='ltr'>dedi,</span> <span class='ocrx_word' id='word_1_227' title='bbox 1341 3350 1478 3435; x_wconf 84' lang='lat' dir='ltr'>ntficnt</span> 
     </span>
     <span class='ocr_line' id='line_1_28' title="bbox 177 3430 1479 3530; baseline 0.005 -24"><span class='ocrx_word' id='word_1_228' title='bbox 177 3436 283 3509; x_wconf 76' lang='lat' dir='ltr'>dilexi</span> <span class='ocrx_word' id='word_1_229' title='bbox 309 3434 398 3524; x_wconf 86' lang='lat' dir='ltr'>Vos,</span> <span class='ocrx_word' id='word_1_230' title='bbox 428 3434 500 3508; x_wconf 72' lang='lat' dir='ltr'>&amp;e</span> <span class='ocrx_word' id='word_1_231' title='bbox 545 3435 604 3506; x_wconf 85' lang='lat' dir='ltr'>Ex</span> <span class='ocrx_word' id='word_1_232' title='bbox 630 3431 833 3527; x_wconf 89' lang='lat' dir='ltr'>hocloco,</span> <span class='ocrx_word' id='word_1_233' title='bbox 869 3430 1086 3506; x_wconf 74' lang='lat' dir='ltr'>Dilefflonis</span> <span class='ocrx_word' id='word_1_234' title='bbox 1107 3436 1179 3507; x_wconf 92' lang='lat' dir='ltr'>duo</span> <span class='ocrx_word' id='word_1_235' title='bbox 1198 3457 1327 3530; x_wconf 81' lang='lat' dir='ltr'>genera</span> <span class='ocrx_word' id='word_1_236' title='bbox 1345 3440 1479 3513; x_wconf 85' lang='lat' dir='ltr'>docen-</span> 
     </span>
     <span class='ocr_line' id='line_1_29' title="bbox 177 3524 1479 3628; baseline 0.005 -23"><span class='ocrx_word' id='word_1_237' title='bbox 177 3524 260 3624; x_wconf 45' lang='lat' dir='ltr'>tum</span> <span class='ocrx_word' id='word_1_238' title='bbox 282 3530 351 3603; x_wconf 91' lang='lat' dir='ltr'>Dei</span> <span class='ocrx_word' id='word_1_239' title='bbox 371 3530 507 3605; x_wconf 84' lang='lat' dir='ltr'>scilicet</span> <span class='ocrx_word' id='word_1_240' title='bbox 525 3555 610 3628; x_wconf 87' lang='lat' dir='ltr'>erga</span> <span class='ocrx_word' id='word_1_241' title='bbox 629 3531 834 3621; x_wconf 84' lang='lat' dir='ltr'>hominem,</span> <span class='ocrx_word' id='word_1_242' title='bbox 855 3531 891 3605; x_wconf 87' lang='lat'>&amp;</span> <span class='ocrx_word' id='word_1_243' title='bbox 904 3530 1057 3603; x_wconf 89' lang='lat' dir='ltr'>hominis</span> <span class='ocrx_word' id='word_1_244' title='bbox 1073 3554 1155 3626; x_wconf 85' lang='lat' dir='ltr'>erga</span> <span class='ocrx_word' id='word_1_245' title='bbox 1176 3535 1369 3607; x_wconf 88' lang='lat' dir='ltr'>hominem.</span> <span class='ocrx_word' id='word_1_246' title='bbox 1397 3538 1479 3612; x_wconf 87' lang='lat' dir='ltr'>Ne·</span> 
     </span>
     <span class='ocr_line' id='line_1_30' title="bbox 176 3626 1480 3732; baseline 0.008 -34"><span class='ocrx_word' id='word_1_247' title='bbox 176 3651 249 3725; x_wconf 90' lang='lat' dir='ltr'>que</span> <span class='ocrx_word' id='word_1_248' title='bbox 266 3651 337 3699; x_wconf 90' lang='lat' dir='ltr'>non</span> <span class='ocrx_word' id='word_1_249' title='bbox 356 3651 399 3700; x_wconf 85' lang='lat' dir='ltr'>ex</span> <span class='ocrx_word' id='word_1_250' title='bbox 420 3631 539 3723; x_wconf 83' lang='lat' dir='ltr'>priore</span> <span class='ocrx_word' id='word_1_251' title='bbox 557 3629 750 3703; x_wconf 71' lang='lat' dir='ltr'>dileetione</span> <span class='ocrx_word' id='word_1_252' title='bbox 769 3626 1017 3725; x_wconf 84' lang='lat' dir='ltr'>proficiscatur</span> <span class='ocrx_word' id='word_1_253' title='bbox 1035 3632 1181 3702; x_wconf 90' lang='lat' dir='ltr'>tertium</span> <span class='ocrx_word' id='word_1_254' title='bbox 1201 3631 1401 3707; x_wconf 74' lang='lat' dir='ltr'>dileetionis</span> <span class='ocrx_word' id='word_1_255' title='bbox 1414 3659 1480 3732; x_wconf 86' lang='lat' dir='ltr'>ge·</span> 
     </span>
     <span class='ocr_line' id='line_1_31' title="bbox 178 3723 1480 3827; baseline 0.006 -31"><span class='ocrx_word' id='word_1_256' title='bbox 178 3747 244 3796; x_wconf 87' lang='lat' dir='ltr'>nus</span> <span class='ocrx_word' id='word_1_257' title='bbox 262 3723 397 3798; x_wconf 82' lang='lat' dir='ltr'>necesse</span> <span class='ocrx_word' id='word_1_258' title='bbox 413 3724 489 3819; x_wconf 88' lang='lat' dir='ltr'>est,</span> <span class='ocrx_word' id='word_1_259' title='bbox 516 3751 642 3822; x_wconf 89' lang='lat' dir='ltr'>nempe</span> <span class='ocrx_word' id='word_1_260' title='bbox 662 3727 815 3799; x_wconf 85' lang='lat' dir='ltr'>hominis</span> <span class='ocrx_word' id='word_1_261' title='bbox 833 3748 919 3824; x_wconf 86' lang='lat' dir='ltr'>erga</span> <span class='ocrx_word' id='word_1_262' title='bbox 940 3728 1073 3800; x_wconf 89' lang='lat' dir='ltr'>Deum.</span> <span class='ocrx_word' id='word_1_263' title='bbox 1100 3727 1248 3801; x_wconf 87' lang='lat' dir='ltr'>Causam</span> <span class='ocrx_word' id='word_1_264' title='bbox 1269 3733 1388 3826; x_wconf 89' lang='lat' dir='ltr'>itaque</span> <span class='ocrx_word' id='word_1_265' title='bbox 1405 3735 1480 3827; x_wconf 85' lang='lat' dir='ltr'>pri·</span> 
     </span>
    </p>
   </div>
   <div class='ocr_carea' id='block_1_10' title="bbox 66 3821 1479 3924">
    <p class='ocr_par' dir='ltr' id='par_1_11' title="bbox 66 3821 1479 3924">
     <span class='ocr_line' id='line_1_32' title="bbox 66 3821 1479 3924; baseline 0.001 -26"><span class='ocrx_word' id='word_1_266' title='bbox 66 3884 91 3898; x_wconf 87' lang='grc'>,.</span> <span class='ocrx_word' id='word_1_267' title='bbox 178 3843 248 3895; x_wconf 85' lang='lat' dir='ltr'>mae</span> <span class='ocrx_word' id='word_1_268' title='bbox 268 3821 485 3897; x_wconf 68' lang='lat' dir='ltr'>Dileiiionit</span> <span class='ocrx_word' id='word_1_269' title='bbox 503 3846 585 3898; x_wconf 90' lang='lat' dir='ltr'>cum</span> <span class='ocrx_word' id='word_1_270' title='bbox 606 3823 809 3910; x_wconf 78' lang='lat' dir='ltr'>audieritis,</span> <span class='ocrx_word' id='word_1_271' title='bbox 835 3828 904 3897; x_wconf 91' lang='lat' dir='ltr'>erit</span> <span class='ocrx_word' id='word_1_272' title='bbox 922 3847 1067 3923; x_wconf 87' lang='lat' dir='ltr'>quoque</span> <span class='ocrx_word' id='word_1_273' title='bbox 1086 3825 1122 3903; x_wconf 89' lang='lat'>&amp;</span> <span class='ocrx_word' id='word_1_274' title='bbox 1142 3827 1330 3924; x_wconf 83' lang='lat' dir='ltr'>postremae</span> <span class='ocrx_word' id='word_1_275' title='bbox 1350 3828 1479 3900; x_wconf 87' lang='lat' dir='ltr'>Dilec-</span> 
     </span>
    </p>
   </div>
   <div class='ocr_carea' id='block_1_11' title="bbox 789 3920 1481 4017">
    <p class='ocr_par' dir='ltr' id='par_1_12' title="bbox 789 3920 1481 4017">
     <span class='ocr_line' id='line_1_33' title="bbox 789 3920 1481 4017; baseline 0.01 -23"><span class='ocrx_word' id='word_1_276' title='bbox 789 3920 827 3994; x_wconf 91' lang='lat' dir='ltr'>T</span> <span class='ocrx_word' id='word_1_277' title='bbox 857 3941 873 4017; x_wconf 82' lang='lat'>3</span> <span class='ocrx_word' id='word_1_278' title='bbox 1372 3925 1481 4001; x_wconf 85' lang='lat' dir='ltr'>tionis</span> 
     </span>
    </p>
   </div>
   <div class='ocr_carea' id='block_1_12' title="bbox 0 0 1666 4456">
    <p class='ocr_par' dir='ltr' id='par_1_13' title="bbox 0 0 1666 4456">
     <span class='ocr_line' id='line_1_34' title="bbox 0 0 1666 4456; baseline 0 2"><span class='ocrx_word' id='word_1_279' title='bbox 0 0 1666 4456; x_wconf 95' lang='lat' dir='ltr'> </span> 
     </span>
    </p>
   </div>
  </div>
 </body>
</html>
