3322 4456
772 284 880 384 (ιι)
967 301 970 313 ·

172 429 341 522 punitione
358 422 608 506 hereticorum,
636 411 906 487 deimmanitate
924 409 1218 505 Ecclestnstr'cornm
1237 411 1275 486 ὃς
1292 412 1335 488 de
1352 413 1474 487 annt·

168 527 282 619 gelicis
309 524 459 612 Canstst‘t's
487 511 699 587 Waldenses
726 511 1002 607 &RBuhemos3
1048 510 1090 578 de
1108 510 1299 602 juramento
1326 514 1472 586 consen·

174 621 221 694 tit
249 617 426 692 haereticis
454 613 516 708 qui
544 610 576 684 se
600 607 766 705 jadlitant
791 607 835 678 de
863 608 988 713 ordine
1014 605 1302 698 Apostolorum
1348 610 1391 680 de
1416 611 1472 681 ab·

164 716 357 811 servatione
392 714 596 806 Legnlium,
641 705 891 777 Ebionitarum
920 700 1041 776 haerefi
1070 704 1299 797 propinquat.
1349 706 1471 803 Caete·

172 835 251 885 rum
279 812 322 880 de
350 812 599 894 Sacramenta,
633 803 853 897 absolutione,
879 799 1133 897 senosanam,
1163 806 1403 891 praepnratinne
1427 803 1475 897 aas

172 904 445 998 Eucharnstiam‚
480 903 681 994 Scripturas
706 923 778 969 non
804 899 1009 986 advertens,
1043 894 1099 966 sed
1127 916 1349 988 pervertens:
1386 899 1472 968 item

173 1003 408 1095 depereatis,
450 998 493 1070 de
515 1001 618 1091 poenis
646 997 874 1092 Pagasaeis,
908 995 952 1067 de
980 996 1192 1065 Generalibus
1220 995 1373 1062 Conciliis
1401 1016 1474 1065 non

173 1097 338 1170 ferendos
370 1094 567 1169 disseminat
594 1116 741 1164 errores.
790 1093 859 1166 Sed
887 1091 924 1165 8<
952 1090 995 1164 de
1022 1087 1263 1183 Philosophiae
1293 1090 1472 1182 praeclaris

174 1194 348 1268 institutis
373 1215 556 1289 perperam
586 1191 746 1286 loquitur
774 1190 941 1285 ignarus:
979 1187 1070 1261 sicut
1088 1185 1132 1258 de
1150 1183 1324 1282 potestate
1345 1185 1472 1259 Eccle-

174 1289 309 1365 fiastica
336 1292 372 1364 &
400 1290 443 1360 de
469 1286 707 1382 Indulgentiis
734 1288 858 1358 multa.
903 1286 988 1358 Nec
1015 1303 1132 1355 tamen
1158 1281 1356 1377 pestiferam
1384 1283 1473 1356 doc·

175 1390 303 1462 trinam
330 1384 523 1461 evomuiffe
550 1403 769 1475 contentus,
804 1383 933 1455 librum
962 1380 1104 1476 insuper
1129 1381 1268 1471 edidit,
1312 1379 1336 1451 fi
1364 1381 1472 1453 titulo

171 1487 363 1574 creditur,
407 1484 466 1555 cui
493 1485 531 1554 de
559 1484 771 1575 Captivitata
795 1481 999 1570 Babylonica
1026 1500 1157 1548 nomen
1184 1477 1333 1569 indidit,
1362 1502 1474 1576 usque

171 1575 260 1655 adeo
294 1580 399 1653 variis
431 1575 623 1675 respersum
649 1574 860 1668 erroribus,
904 1597 945 1648 ut
967 1578 1048 1670 jure
1073 1598 1144 1646 cnm
1169 1578 1358 1648 Alchorano
1384 1601 1473 1650 con·

169 1674 257 1752 ferri
275 1698 463 1751 mereatur.
508 1676 549 1746 ln
567 1699 610 1747 eo
631 1672 801 1770 fiquidem
821 1670 994 1746 extinslas
1013 1669 1159 1744 haereses
1178 1674 1213 1744 &
1232 1669 1392 1745 funditus
1409 1697 1473 1746 ex-

170 1776 339 1873 tirpatas,
374 1795 524 1872 quarum
552 1772 773 1870 nevestigia
799 1772 943 1868 quidem
972 1769 1044 1843 ulla
1071 1767 1338 1863 superstabant,
1372 1769 1474 1866 super

169 1872 224 1951 his
253 1873 449 1970 praesertim
477 1893 559 1968 quae
586 1869 629 1943 ad
649 1871 875 1944 Sacramenta
895 1865 1068 1943 Ecclesiae
1086 1864 1263 1962 spectant,
1290 1866 1474 1963 suscitare,

169 1994 212 2042 ac
241 1972 278 2042 in
307 1972 422 2043 lucem
451 1991 619 2040 revocare
646 1970 734 2041 totis
761 1969 867 2039 animi
895 1966 1031 2037 uiribus
1057 1967 1257 2038 contendit.
1309 1965 1475 2063 Scriptot

170 2069 376 2162 quicunque
392 2070 420 2138 is
438 2064 510 2155 est,
538 2063 711 2136 Ecclesiae
731 2064 899 2136 nimirum
919 2061 1055 2136 Christi
1074 2061 1182 2134 hostis
1203 2063 1475 2159 perniciosus&

139 2219 141 2223 .
170 2163 396 2253 antiquarum
416 2159 713 2250 blasphemiarum
734 2162 945 2235 instaurator
962 2160 1190 2235 execrandus.
1230 2163 1477 2238 Bohemorum

61 2287 63 2290 >
169 2278 345 2351 namque,
380 2250 652 2349 Albigenstum,
688 2253 945 2348 Valdenstum,
968 2257 1327 2348 Heracleonitarum,
1354 2261 1474 2352 Pepu·

170 2353 381 2443 cimorum,
408 2353 667 2445 Aerianorum,
688 2351 1383 2451 Lamperianorum,jovinianistarum,
1403 2358 1474 2430 Ar·

171 2469 227 2523 tot
256 2452 427 2544 sitarum,
453 2469 741 2547 caeterorumque
765 2452 802 2523 id
828 2477 940 2550 genus
959 2449 1198 2527 monstrorum
1218 2449 1383 2544 insaniae,
1411 2470 1475 2549 per

170 2570 214 2618 au
254 2571 351 2619 orem
381 2551 416 2619 in
445 2548 570 2619 eodem
600 2549 885 2643 comprobantur
913 2551 1026 2641 libro,
1063 2549 1383 2640 commendantur,
1410 2574 1475 2624 cx·

170 2645 362 2717 tolluntur.
405 2645 528 2737 Quare
550 2645 679 2717 nostrae
698 2646 917 2742 professionis
935 2646 1003 2721 elle
1018 2646 1249 2742 agnoscentes
1268 2647 1476 2744 hujusmodi

168 2742 429 2838 pullulantibus
447 2740 619 2837 pesliseris
639 2745 840 2834 erroribus,
867 2747 1051 2841 magisque
1068 2768 1109 2816 ac
1130 2746 1243 2840 magis
1264 2746 1299 2816 in
1319 2747 1392 2818 dies
1407 2769 1475 2832 ¹ert·

169 2839 407 2913 crescentibus
433 2858 514 2912 toto
543 2859 676 2912 conatu
704 2841 870 2934 obviare,
898 2842 985 2937 quid
1004 2843 1145 2915 tandem
1165 2842 1270 2914 nobis
1288 2843 1332 2914 de
1351 2842 1493 2943 hujus·'

167 2938 267 3010 modi
294 2935 456 3009 doslrina
482 2935 593 3007 visum
622 2935 692 3024 stt,
728 2938 832 3032 plane
860 2941 996 3036 aperire
1022 2941 1215 3030 volumus,
1252 2942 1290 3013 &
1318 2941 1475 3016 nostram

167 3035 270 3130 super
287 3059 327 3107 ea
344 3034 550 3108 sententiam
570 3033 781 3109 Christianis
799 3038 964 3109 omnibus
984 3037 1189 3133 publicare,
1210 3061 1274 3130 ne,
1295 3038 1391 3135 quod
1411 3041 1474 3114 ab·

168 3132 234 3220 sit,
267 3133 447 3204 eliminata
473 3131 684 3227 jampridem
713 3153 784 3204 tam
814 3135 1006 3230 multiplex
1035 3135 1218 3227 impietas,
1246 3140 1476 3227 quantumin

168 3225 273 3298 nobis
298 3226 369 3317 est,
404 3230 552 3300 ulterius
578 3227 712 3321 serpat,
749 3231 785 3302 ὅ(
814 3230 990 3302 Doslrina
1011 3228 1280 3302 sallaxaPatrc
1298 3223 1474 3308 mendacii

168 3343 295 3396 exorta
312 3323 454 3397 fidelem
477 3324 613 3396 inficiat
635 3324 812 3419 populum
835 3328 918 3397 Dei.
1521 3332 1523 3337 '

216 3417 417 3492 Sollicitilrs
453 3424 573 3518 itaque
610 3444 673 3513 per
708 3445 772 3493 nos
806 3424 1005 3494 examinata
1038 3446 1078 3492 ac
1113 3426 1285 3497 maturius
1314 3427 1476 3504 universa

167 3515 328 3595 doblrina
348 3516 570 3590 Lutheriano
589 3517 739 3613 ascripta
758 3520 917 3609 nomini,
942 3520 979 3592 ἃ
998 3517 1040 3589 ad
1060 3520 1204 3614 plenum
1221 3524 1390 3615 diseuss'a,
1409 3551 1475 3599 ex·

167 3615 325 3686 ecrandis
354 3612 422 3685 illis
448 3617 626 3687 erroribus
652 3616 783 3689 scatere
802 3637 902 3688 ccrto
922 3617 1218 3713 deprehendimus
1239 3623 1275 3694 δε
1292 3623 1474 3714 judicavi·

167 3734 267 3801 mus,
294 3710 401 3782 fidem
422 3709 642 3805 potiffimirm
663 3714 958 3809 contingentibus
977 3717 1015 3788 ὅτ
1034 3740 1160 3790 mores.
1188 3718 1373 3813 Quodque
1393 3721 1474 3793 srm-

167 3809 271 3910 plicis
290 3809 417 3906 populi
435 3805 614 3883 sedustiva
636 3811 699 3906 sit,
720 3812 1118 3982 omthibusDodloribus
1135 3817 1287 3914 injuria,
1307 3817 1474 3985 pqqestati

845 3933 859 4009 3
1379 3915 1472 3995 ccle-
