3322 4456
730 282 859 371 (ua)

187 405 301 505 Quod
320 405 451 480 attinet
469 400 512 474 ad
530 400 658 475 Preces
677 400 902 498 Cuicumque
922 404 1122 498 Divinum,
1141 433 1341 509 congruum
1359 418 1444 497 esset

139 525 181 581 ut
199 528 335 583 errores
355 498 671 597 (quemadmodum
691 495 806 572 fuerat
824 501 1026 589 decretum)
1046 503 1090 576 ab
1108 507 1254 582 eruditis
1270 513 1366 590 Viris
1385 519 1441 592 in·

137 605 183 677 de
209 604 470 691 eximerentur,
508 598 545 672 ἃ
574 618 696 669 omnes
714 600 908 671 convenire
922 599 1136 696 juberentur
1154 605 1196 676 ad
1216 608 1367 686 Cultum
1386 617 1442 689 di·

137 702 263 774 vinum
292 698 530 786 audiendum,
563 714 604 767 ut
629 694 891 769 Parlatnentum
917 698 1129 772 hodiernum
1148 703 1185 773 in
1205 707 1377 786 Articulis
1396 713 1441 789 de

137 799 215 896 ejus
235 796 385 870 Statutis
404 789 680 866 commonefeci.

185 894 256 968 Sed
281 891 396 988 quoad
419 888 676 983 Disciplinam,
702 908 888 986 optarem,
913 912 955 964 ut
973 915 1045 965 non
1064 894 1230 969 omnibus
1251 897 1439 1001 Episcopis

135 990 466 1078 indiscriminatim,
483 986 541 1059 sed
560 988 600 1058 iis
619 1005 757 1058 tantum
776 990 836 1082 qui
856 990 1027 1062 intereos
1046 992 1201 1066 melioris
1220 1017 1317 1068 notae
1336 999 1437 1097 sunt,

136 1089 330 1162 authoritas
349 1087 445 1159 illam
464 1085 654 1156 exercendi
672 1086 708 1156 iu
727 1084 959 1159 Dioecefibus
977 1086 1068 1182 suis,
1094 1088 1332 1168 conferretur.

635 1333 754 1407 Num.
781 1332 937 1446 xtra

361 1497 594 1601 Richardi
632 1505 806 1597 COXI
843 1494 1049 1635 Epistola
1073 1499 1122 1594 (a)
1149 1503 1208 1602 ad

525 1659 676 1756 Henr.
715 1655 1042 1792 Bullingerum

696 1811 743 1884 A.
767 1832 871 1906 ¹552·

205 2007 270 2080 Tu
291 2005 380 2077 nihil
397 2002 446 2076 est
465 2003 617 2095 alicujus
635 2006 833 2095 momenti,
861 2006 1070 2080 Charilsrme
1088 2008 1124 2078 in
1139 2008 1434 2115 ChristoFrater‚

221 2102 317 2197 quod
344 2101 386 2172 ad
407 2101 530 2194 tejam
551 2100 722 2190 scribam,
749 2123 865 2173 tamen
884 2105 1050 2193 Joannem
1070 2103 1164 2175 hunc
1184 2111 1342 2184 nostrum
1365 2115 1435 2192 stne

131 2199 245 2272 literis
270 2197 355 2267 meis
375 2199 524 2266 omnino
543 2194 725 2266 dimittere
743 2196 864 2268 nolui:
893 2199 928 2268 id
949 2199 1045 2294 quod
1065 2198 1136 2293 ipse
1155 2224 1299 2300 quoque
1317 2233 1434 2305 aeger.

131 2295 224 2371 rime
256 2290 401 2367 tuliss'et.
454 2290 566 2381 Quod
594 2290 636 2362 ad
664 2287 806 2364 lincerae
834 2293 1040 2390 Religionis
1067 2301 1253 2393 negotium
1278 2306 1433 2403 attinet,

131 2390 339 2468 benedislus
360 2389 541 2460 Dominus
563 2388 682 2478 Deus,
708 2384 810 2486 cujt‘ts
826 2390 936 2480 Jubar
954 2389 1109 2465 mirifice
1129 2396 1231 2469 nobis
1251 2401 1361 2476 indies
1379 2404 1432 2478 af·

10 2538 13 2543 -
130 2489 261 2588 fulget.
302 2489 380 2580 Jnm
410 2486 538 2558 iterum
567 2485 791 2579 publicarum
819 2489 970 2560 Precum
999 2491 1156 2584 Ritum,
1193 2514 1308 2590 atque.
1325 2503 1433 2576 etiam

131 2590 444 2662 sacramentorum
475 2579 629 2678 ipsorum
659 2584 951 2672 immutavimusa
996 2587 1033 2661 ὃ(
1059 2588 1102 2659 ad
1129 2612 1287 2664 normam
1317 2595 1433 2674 Verbi

130 2684 203 2758 Dei
221 2680 475 2778 expolivimus.
519 2679 588 2752 Sed
607 2679 746 2751 acerbas
765 2679 842 2753 istas
861 2682 1073 2756 Christiana
1092 2685 1305 2785 Disciplinae
1326 2694 1432 2770 Insti-

129 2784 309 2870 tutiones,
344 2801 430 2851 cane
456 2779 558 2873 pejus
585 2777 621 2849 δι
647 2800 784 2874 angue,
817 2780 969 2853 odimus.
1016 2780 1195 2858 Volumus
1221 2786 1288 2861 else
1317 2792 1429 2890 Filii,

128 2883 214 2976 quin
233 2882 269 2953 &
291 2877 445 2949 ltoeredes
463 2878 591 2964 etiam,
618 2872 674 2947 sed
691 2876 832 2975 virgam
847 2877 1139 2954 exhorrescimus.
1192 2883 1328 2959 Excita
1343 2914 1429 2984 nos,

128 2981 164 3050 id
190 2977 261 3069 est,
296 2977 502 3071 Optimates
528 2971 688 3063 nostros,
722 2998 787 3071 per
813 2975 978 3072 spiritum
1004 2980 1065 3075 qui
1083 2978 1184 3052 datus
1203 2981 1253 3054 est
1272 2986 1360 3077 tibi,
1387 2992 1430 3063 ad

127 3075 340 3168 Disciplinae
364 3071 539 3160 studium,
557 3093 626 3164 qua
645 3069 718 3142 tine
736 3071 874 3163 (dolens
893 3076 995 3164 dico)
1010 3075 1183 3172 auferetur
1199 3084 1221 3152 d
1239 3087 1429 3184 nobirReg÷

126 3195 203 3243 num
222 3174 293 3241 Dei
303 3223 314 3258 ‚
342 3171 384 3250 &
403 3169 541 3239 dabitur
554 3171 648 3263 genti
655 3167 802 3260 facienti
812 3171 965 3264 fraciam
983 3175 1064 3265 ejus.

175 3266 373 3339 Sedunum
394 3263 473 3354 est,
492 3265 541 3335 mi
560 3265 776 3359 Ballingere,
799 3268 897 3361 quod
917 3273 1059 3362 penitus
1076 3268 1217 3342 edoceri
1237 3276 1426 3372 percupio.

124 3363 232 3458 Lego
260 3365 295 3435 in
315 3363 430 3434 Libro
450 3381 514 3433 tuo
539 3361 595 3433 De
614 3360 733 3433 Coena
752 3361 927 3453 Domini,
955 3367 988 3435 in
1008 3365 1131 3461 quinta
1153 3368 1319 3460 Decade‚
1348 3377 1428 3451 lraec

126 3461 271 3549 Verba,
306 3464 477 3560 Quoniam
495 3484 557 3531 narr
572 3458 617 3553 est
630 3459 780 3553 publicus
794 3466 852 3534 vel
861 3468 1024 3559 generalis
1042 3467 1175 3556 Coerrts,
1200 3472 1326 3560 quando
1344 3499 1427 3568 qua·

124 3576 202 3632 tuor
220 3563 276 3631 vel
292 3568 430 3654 quinque
447 3581 518 3630 cum
534 3581 618 3652 aegro
635 3564 895 3652 communicant,
921 3561 1009 3634 nihil
1024 3563 1136 3634 dicunt
1155 3568 1211 3659 qui
1228 3568 1327 3658 ajunt
1341 3575 1433 3665 apud

124 3679 226 3753 aegras
243 3681 363 3730 canam
380 3655 500 3749 instrui
511 3657 618 3749 poffr,
635 3661 670 3750 st
686 3660 750 3730 alii
766 3683 887 3755 quoque
895 3664 999 3754 stmul
1013 3676 1146 3736 curent.
1181 3661 1298 3756 Quod
1317 3664 1342 3737 fi
1362 3692 1427 3740 co·

723 3753 790 3826 Fs
813 3778 830 3852 3
1348 3763 1436 3840 2610

166 3935 216 4019 (a)
241 3933 307 4002 vid.
331 3927 512 4001 STRYPE
537 3935 603 3999 loc.
620 3932 674 4000 cit.
691 3931 751 3998 l'ol.
765 3950 836 4015 150.
