3322 4456
798 317 930 415 (108.)

221 453 386 531 Domino
402 447 523 526 nostro
541 473 582 522 ac
599 447 742 545 Parenti
759 443 1026 521 honoratiffimo
1044 443 1235 540 debemus,
1262 447 1340 523 tiam
1361 451 1516 552 Delphi·

223 573 272 623 no
299 551 398 623 fratri
425 568 509 620 natu
529 547 676 639 majori,
703 568 747 616 ne
764 541 875 616 libere
893 567 957 640 per
975 544 1158 616 Ducatum
1178 545 1335 618 nostrum
1356 553 1517 624 Aurelia·

223 645 362 719 oensem
382 662 602 758 propagetur
612 675 625 728 3
646 642 780 737 quippe
799 642 1029 736 quiimperio
1046 660 1151 733 atque
1168 644 1419 736 gubernationi
1436 647 1515 720 sub·

222 739 274 834 est
300 740 387 814 dieti
413 742 522 811 modo
552 738 703 810 Domini
730 761 771 806 ac
799 737 954 808 Parentis
972 735 1100 807 nostri:
1137 761 1291 834 cumque
1310 743 1346 813 ὅ(
1365 744 1459 839 Papa
1479 746 1516 818 &

223 834 424 932 Imperator
450 857 555 931 atque
582 836 667 904 item
698 833 878 925 Principes
898 837 1007 904 ceteri
1028 831 1094 902 iric
1112 833 1149 902 in
1168 858 1205 905 re
1224 836 1392 908 adversari
1411 862 1517 933 pote·

223 935 318 1006 rint:
353 933 502 1025 aliaeque
530 930 640 1001 causae
669 928 783 998 adhuc
812 930 998 1021 suppetant
1026 927 1108 999 loco
1133 931 1243 1024 magis
1269 934 1519 1027 opportunod

222 1029 325 1100 nobis
349 1028 573 1110 enarrandae3
611 1024 741 1096 sincere
770 1022 847 1093 Vos
870 1022 1119 1096 Illustriffimos
1141 1027 1177 1097 δε
1198 1027 1519 1103 Excellentissimos

223 1124 408 1217 Principes
427 1148 467 1194 ac
486 1123 666 1194 Dominos
687 1121 807 1191 Duces
827 1121 1014 1207 Saxoniae,
1043 1120 1310 1217 Landgravium
1332 1125 1459 1197 Haffiae
1479 1128 1518 1202 ὃ(

225 1223 288 1318 qui
314 1220 398 1293 alias
426 1218 700 1291 protestantium
729 1215 873 1286 nomine
897 1216 1068 1310 appellari
1096 1219 1228 1308 velint,
1262 1218 1344 1291 idcd
1365 1221 1519 1295 obtesta-

224 1339 326 1408 mur,
361 1319 473 1409 iisque
501 1316 695 1385 indicamus
720 1335 782 1380 nos
802 1308 1041 1402 constituisse,
1066 1313 1233 1405 quodque
1250 1312 1339 1387 adei>
1358 1319 1518 1416 expresse

222 1411 307 1507 ipfis
332 1410 516 1507 sanste‘que
544 1408 807 1504 promittimus,
842 1425 883 1477 ut
908 1429 1186 1481 commemorata
1204 1409 1364 1483 doctrina
1383 1440 1517 1510 propu-

222 1525 328 1581 natur
353 1508 389 1579 in
418 1509 563 1580 Ducatu
589 1503 861 1598 Laxenburgica,
892 1504 995 1600 cujus
1015 1503 1116 1577 nobis
1134 1504 1309 1602 speramus
1328 1509 1478 1585 liberum
1496 1511 1520 1585 d

224 1600 324 1676 dieto
342 1605 498 1700 Rege&
520 1603 678 1698 quietum
698 1601 887 1694 imperium
908 1599 1068 1672 relictum
1089 1603 1154 1692 iri,
1172 1607 1519 1699 quemadmodum&

223 1699 370 1774 aliarum
389 1701 678 1793 provinciarum,
697 1717 776 1791 quae
795 1694 837 1765 ad
857 1718 920 1767 nos
938 1695 1023 1769 belli
1035 1698 1115 1788 jure
1125 1697 1409 1775 suntdevolutae.
1435 1706 1476 1776 N
1480 1697 1520 1779 os

222 1793 311 1869 veri>
330 1791 476 1868 viciffim
495 1793 749 1880 defideramus,
776 1810 816 1861 ut
835 1792 869 1863 in
888 1790 1006 1864 foedus
1023 1792 1176 1881 iterum,
1195 1792 1266 1866 srve
1282 1797 1520 1891 propulsanda

223 1895 341 1966 omnis
366 1890 495 1986 injuria
521 1887 586 1979 sit,
614 1886 683 1958 five
706 1887 914 1959 vindicanda
931 1887 952 1957 a
969 1883 1251 1978 Potestantibus‚
1277 1891 1491 1986 recipiamur
1499 1926 1515 1981 ς

223 2008 329 2082 quem
349 1987 384 2057 in
405 1984 512 2056 finem
532 1987 661 2076 etiam,
687 2004 726 2056 ut
741 1983 847 2080 justae
865 1981 1040 2079 ejusmodi
1056 1979 1516 2080 gravissimisquecausrsin·

224 2084 321 2154 nixae
347 2083 514 2177 petitioni
541 2078 716 2176 affurgant
734 2077 867 2153 obnixd
886 2078 1145 2153 contendimus.
1179 2079 1313 2178 Neque
1329 2082 1419 2155 iliud
1437 2086 1518 2180 qui-

225 2174 306 2276 dem
333 2178 378 2250 eo
407 2180 572 2252 volumus
598 2178 766 2271 extendi,
799 2199 839 2250 ut
864 2174 1034 2274 suppetiis
1060 2199 1125 2255 nos
1151 2177 1357 2277 viribusque
1374 2178 1441 2253 suis
1458 2200 1520 2255 aut

221 2270 348 2349 favore
373 2277 502 2349 contris
528 2276 730 2373 Principem
758 2298 869 2347 unum
896 2275 1092 2347 alterumve
1117 2274 1310 2371 adjuvent,
1338 2275 1395 2349 sed
1423 2278 1520 2351 iniis

222 2368 367 2469 tantum
394 2372 529 2465 adsint,
564 2394 645 2471 quae
673 2374 858 2469 negotium
879 2370 921 2442 de
940 2371 1136 2468 Religiooe
1154 2372 1354 2448 Christiana
1370 2396 1518 2446 concer-

223 2486 337 2561 nunt,
364 2472 465 2566 cujus
491 2470 802 2543 nosvehementer
818 2488 859 2537 ac
878 2465 1062 2562 praecipue
1081 2471 1272 2563 quaerimus
1290 2470 1521 2544 incrementa.

223 2565 371 2640 Etenim
391 2564 491 2639 tanto
510 2591 549 2640 ea
567 2563 704 2637 facilius
722 2564 788 2635 hac
806 2563 943 2635 tatione
960 2565 1094 2659 poterit
1111 2564 1149 2636 in
1166 2586 1298 2640 ceteras
1315 2564 1447 2639 nostras
1463 2586 1520 2640 re·

225 2664 351 2764 giones
370 2664 406 2736 &
426 2664 595 2780 Regnum
615 2660 968 2756 supramemoratum
989 2659 1135 2749 inferri,
1155 2687 1228 2772 quo
1248 2664 1345 2760 prius
1362 2665 1446 2739 Rex
1458 2688 1520 2757 pa·

225 2780 305 2831 rens
331 2757 447 2832 noster
464 2778 537 2828 tam
556 2754 651 2829 arde
667 2778 731 2826 nos
748 2756 878 2826 viderit
896 2777 978 2826 cum
998 2756 1103 2827 tantis
1119 2755 1345 2848 Principibus
1363 2759 1517 2847 conjun-

224 2852 325 2940 &0⁵3
344 2853 477 2947 quippe
495 2851 556 2943 qui
574 2849 686 2922 ansam
705 2849 888 2936 dederint,
903 2849 1065 2918 ardorem
1082 2847 1200 2919 eidem
1216 2851 1286 2923 hoc
1305 2851 1342 2918 in
1360 2849 1443 2920 loco
1462 2851 1518 2920 in·
1613 2910 1619 2922 .

225 2950 362 3044 figoem
381 2942 587 3017 ostendendi
597 2975 610 3028 5
638 2942 713 3012 imo
734 2939 758 3011 fi
778 2945 814 3014 &
832 2939 958 3012 conttd
974 2940 1125 3012 eundem
1144 2942 1209 3013 hac
1226 2940 1450 3041 eacusatione
1463 2948 1519 3018 uti

224 3041 389 3131 licuerit,
424 3041 461 3112 ὃς
484 3036 615 3109 contra
641 3033 794 3108 hostium
821 3036 976 3130 impetus
1002 3031 1148 3109 consilia
1172 3035 1290 3111 nostra
1317 3038 1519 3119 defendere.

225 3136 327 3211 Hinc
354 3129 442 3231 ergd
471 3131 539 3205 illis
564 3131 744 3206 adversum
763 3154 835 3203 non
853 3131 944 3224 erit,
978 3151 1018 3206 ut
1039 3131 1063 3218 fi
1082 3128 1240 3228 primitm
1261 3159 1342 3209 vera
1360 3136 1520 3217 doctrina

225 3231 384 3331 eoeperit
399 3233 447 3305 ⁴in
475 3229 622 3306 Ducatu
648 3227 948 3324 Luxemburgico
965 3229 1175 3327 praedicari,
1210 3233 1334 3305 eodem
1355 3255 1519 3333 tempore

225 3328 348 3405 foedus
375 3327 530 3402 nostrum
558 3349 663 3424 atque
687 3326 787 3424 pacta
803 3327 959 3401 invicem
978 3328 1066 3400 inita
1084 3325 1184 3399 fimul
1203 3329 1387 3424 incipiant.
1431 3335 1517 3407 Nec

226 3425 301 3523 est,
332 3427 431 3522 quod
455 3423 551 3500 fortd
577 3427 792 3525 opinentur,
826 3447 890 3496 nos
915 3422 1123 3497 defiderium
1150 3424 1242 3505 haud
1269 3425 1365 3522 poffe
1393 3431 1427 3499 in
1445 3430 1516 3503 hoc

225 3520 413 3621 praecipud
440 3523 610 3619 negotio,
639 3522 774 3595 viribus
798 3519 925 3594 nostris
953 3518 1038 3601 satis,
1050 3519 1196 3617 repente
1214 3525 1405 3619 explicare.
1448 3521 1517 3599 Et·

226 3619 322 3695 enim
351 3619 433 3690 Deo
460 3641 655 3709 annuente,
681 3616 756 3713 ipso
775 3612 795 3687 d
813 3616 915 3691 nobis
932 3611 1063 3693 effe-‘iu
1082 3618 1281 3716 praestitum
1302 3624 1344 3694 iri
1362 3619 1516 3694 confidi·

227 3723 330 3802 inus,
364 3733 470 3810 atque
495 3714 583 3789 adeo
602 3738 696 3788 nunc
713 3736 855 3787 omnem
875 3712 1028 3786 nostram
1074 3714 1258 3789 otestatem
1278 3739 1383 3814 atque
1401 3718 1517 3816 Regis

221 3812 383 3915 ¹percutis
399 3808 751 3909 nqstrioffcrimus,
767 3832 848 3910 que
865 3808 968 3889 uobis
984 3811 1028 3888 ab
1046 3741 1117 3891 doc
1137 3812 1259 3889 relicta
1274 3811 1347 3909 est,
1380 3837 1461 3983 {ium
1481 3816 1517 3888 in

905 3950 909 3955 ·
1383 3928 1386 3933 ·
1415 3927 1520 4006 nem,
