3322 4456
219 320 289 397 304
417 293 794 369 HISTORIA
835 293 1278 391 EVANGELll
1336 305 1504 401 A.154o.

218 421 361 513 quidem
386 445 439 491 cae
463 444 764 516 componerentur
787 426 1057 518 contentiones,
1089 446 1208 497 tamen
1225 428 1321 521 quod
1336 430 1503 525 deinceps

218 516 239 586 ai
258 517 531 588 Pontificiorum
548 539 637 587 nutu
655 517 809 612 suspensa
826 518 959 591 suerint
973 525 1113 614 omnia,
1138 544 1276 593 certum
1294 523 1357 596 csl.

266 624 297 695 ς.
313 614 358 684 C.
378 615 473 684 Haec
483 616 568 683 dum
579 618 672 706 apud
684 615 821 708 Anglos
830 637 1025 710 geruntur,
1044 618 1351 692 interSCOTOS
1361 621 1410 709 (a)
1430 642 1504 692 non

218 712 337 780 minus
355 708 504 781 lacertos
521 710 633 781 indies
649 714 760 806 magis
778 715 959 808 magisque
977 737 1124 785 movere
1140 715 1257 808 coepit
1275 716 1422 811 Religio
1435 734 1504 808 pu·

219 806 306 875 rior.
333 809 414 876 Rex
430 809 564 878 Scotiae
579 806 815 897 jaconus
830 809 878 879 V.
903 810 982 904 post
994 811 1220 905 Magdalenae
1230 809 1392 903 obitum,
1408 810 1506 904 quod

220 901 373 972 Mariam
402 902 564 974 Guifiam
585 906 732 974 duceret
754 927 928 992 uxorem,
954 908 1107 976 maxima
1124 907 1249 977 laetitia
1264 904 1387 978 affecit
1402 907 1508 978 cleri·

221 1020 303 1084 cos,
336 1022 427 1092 quos
451 1022 525 1069 non
550 999 703 1088 latebat,
735 1022 838 1093 quam
865 999 963 1070 arbe
981 1002 1191 1072 Guifiorum
1209 1002 1342 1074 familia
1357 1001 1508 1096 Papatui

219 1092 305 1164 esset
323 1095 527 1190 implicata3
547 1094 721 1163 Praeterea
736 1097 938 1184 retollere,
955 1098 1068 1166 veteri
1086 1120 1188 1187 quam
1202 1097 1507 1193 vocantreligioni

220 1192 391 1261 tenaciter
407 1188 496 1260 adeo
511 1188 721 1277 inhaerebat,
741 1209 779 1258 ut
789 1193 932 1283 quosvis
940 1189 1278 1261 abeadrslentientes
1288 1197 1418 1264 acriter
1426 1215 1509 1287 per·

218 1282 443 1380 sequeretur3
472 1283 583 1353 Erant
599 1303 716 1355 autam
733 1285 900 1376 permulti
919 1285 1095 1375 Nobiles,
1114 1286 1134 1354 'a
1151 1285 1508 1382 superstitioneaeque

219 1403 262 1451 ac
288 1380 309 1450 a
334 1381 444 1452 Clero
470 1376 644 1474 papistico
660 1380 783 1469 alieni,
819 1404 861 1452 ac
881 1383 1017 1475 puriori
1033 1381 1206 1452 doslrinae
1224 1378 1380 1454 faventes
1390 1415 1403 1469 5
1437 1383 1509 1453 His

219 1474 404 1546 obstabant
429 1475 649 1563 sacerdotes,
689 1499 902 1570 omnemque
928 1479 1120 1550 movebant
1143 1479 1319 1571 lapidem,
1351 1503 1396 1548 ne
1421 1476 1508 1645 quid

221 1568 426 1642 detrimenti
454 1591 595 1666 caperet
622 1573 822 1663 Papismus:
857 1574 963 1665 Rex,
995 1577 1104 1668 genio
1130 1575 1338 1666 indulgens,
1365 1573 1408 1646 ad
1439 1571 1507 1644 ub·

220 1663 427 1737 structiones
451 1667 579 1739 otiosas
604 1669 759 1738 animum
784 1668 974 1763 adjiciens,
1007 1672 1044 1739 &
1071 1669 1192 1738 nothis
1217 1668 1284 1737 suis
1304 1668 1383 1758 (b),
1418 1690 1507 1761 quos

219 1761 371 1833 habebat
389 1761 520 1832 alendis
539 1765 716 1851 intentus,
743 1762 926 1856 indigebat
944 1765 1116 1853 pecunia,
1139 1764 1244 1856 juxta
1258 1783 1366 1854 egens
1381 1785 1422 1831 ac
1441 1783 1508 1831 cu·

220 1858 341 1953 piens,
367 1858 461 1928 unde
479 1881 541 1951 par
559 1859 716 1928 sormido
735 1858 859 1927 invasit
878 1860 914 1929 ὅ(
936 1858 1090 1929 Nobiles
1109 1861 1147 1930 &
1165 1858 1394 1945 Sacerdotes,
1419 1854 1506 1926 dum

219 1978 295 2026 mm
313 1954 462 2050 quisque
479 1952 720 2051 tempestatem
732 1950 752 2024 a
765 1952 798 2024 se
816 1955 852 2024 in
868 1955 1017 2026 alterum
1037 1956 1205 2026 inclinare
1219 1950 1420 2024 contendit.
1447 1952 1509 2022 ln·

220 2051 348 2141 terim,
373 2051 512 2141 quoties
529 2049 622 2146 apud
640 2049 823 2122 familiares
840 2052 884 2123 de
903 2054 1023 2146 inopia
1038 2050 1270 2145 querebatur,
1294 2049 1403 2120 altera
1418 2048 1508 2119 alte·

219 2146 292 2219 rius
316 2143 478 2220 saffionis
502 2171 587 2265 opes
612 2146 832 2239 ostentabat,
859 2150 972 2220 veluti
990 2148 1146 2242 praedam
1166 2166 1345 2240 paratam,
1370 2145 1409 2217 dt
1427 2143 1509 2233 ille,
1608 2173 1617 2180 ·

220 2242 333 2315 modo
360 2245 412 2317 his
438 2245 549 2318 modo
576 2245 645 2316 illis
668 2243 874 2333 assentiens,
907 2267 1078 2338 utrosque
1103 2245 1197 2315 inter
1221 2243 1317 2338 spem
1344 2239 1510 2313 formidi-

219 2364 371 2437 nemque
396 2339 572 2439 suspensos
596 2342 749 2414 tenebat.
792 2342 970 2434 Nobiles,
1005 2344 1099 2415 inter
1124 2364 1214 2432 quos
1231 2339 1335 2434 supra
1351 2356 1511 2409 trecenta

219 2461 319 2512 erant
342 2442 486 2514 nomina
505 2443 581 2535 (c),
613 2463 767 2535 quorum
786 2441 823 2509 in
842 2440 1075 2534 Reformatam
1090 2440 1273 2510 douram
1289 2433 1429 2507 animus
1445 2434 1510 2507 bc·

217 2539 387 2613 nevolens
404 2564 445 2611 ac
464 2538 617 2611 studium
635 2558 734 2609 crant
752 2535 966 2630 conspicua,
991 2536 1174 2608 Abbatum
1191 2533 1332 2605 divitias
1349 2532 1449 2627 Regi
1466 2529 1512 2602 ad

219 2637 377 2706 animum
397 2658 623 2721 revocantes,
641 2655 683 2704 ut
699 2636 868 2706 avunculi
886 2633 1038 2704 Hearici
1054 2632 1199 2726 Angliae
1211 2626 1416 2723 exemplum
1428 2628 1510 2730 imi·

219 2744 377 2816 tacetur,
410 2729 623 2815 suadebant,
658 2728 706 2797 fic
732 2730 826 2797 enirn
853 2725 1037 2812 futurum,
1063 2748 1104 2795 ut
1122 2728 1256 2794 reditus
1271 2721 1378 2791 annui
1397 2717 1508 2803 trrplo

217 2820 390 2893 auctores
414 2823 624 2902 reddantur,
657 2840 771 2908 neque
795 2817 913 2887 liberis
939 2820 1046 2907 regiis
1072 2817 1264 2902 quicquam
1286 2808 1508 2878 defuturum.

217 2914 381 3002 Contra,
415 2916 572 3000 Clerici,
605 2907 726 2977 crassa
751 2911 787 2975 in
814 2909 1002 2975 haercticos
1027 2901 1256 2993 inquisitione
1273 2904 1310 2975 dt
1328 2902 1508 2974 bonorum

215 3007 494 3094 confiscatione,
532 2999 677 3097 singulis
703 3002 800 3071 annis
824 2997 918 3069 ultra
942 3018 1088 3072 centum
1116 2997 1228 3070 millia
1252 3017 1508 3071 coronatorum

216 3101 411 3179 colledum
438 3103 481 3174 iri
508 3086 763 3186 anevelabant,
795 3117 908 3189 neque
933 3095 1053 3171 liberis
1074 3097 1188 3193 Regis
1205 3095 1331 3168 melius
1351 3094 1508 3190 prospici

216 3202 335 3300 posse,
353 3225 457 3297 quarn
479 3198 502 3273 li
523 3193 687 3272 Abbatiis
705 3196 761 3267 vel
780 3192 998 3269 Prioratibus
1018 3194 1272 3292 praeficiantur.
1299 3194 1380 3266 Hac
1398 3195 1509 3266 ratio·

215 3325 261 3373 nc
279 3303 421 3396 Regem
442 3300 478 3373 &
497 3296 612 3393 Regis
628 3289 744 3386 filios,
771 3294 962 3367 commoda
978 3293 1037 3368 sua
1055 3316 1136 3366 cum
1153 3293 1296 3364 illorum
1307 3292 1508 3364 commodis

840 3422 844 3427 ·
1418 3409 1508 3458 eon·

257 3562 306 3639 (a)
332 3555 432 3658 Conf,
447 3578 517 3643 qua
531 3558 598 3639 jarn
615 3561 645 3625 in
661 3558 722 3621 hoc
739 3556 846 3638 Opere
861 3571 1132 3658 pagato-213.
1153 3554 1293 3638 itemque
1308 3569 1377 3636 pag.
1387 3569 1459 3633 244.
1477 3552 1508 3617 de

216 3640 1178 3805 2833)nir(r')td¹.ullllnlldssjsigtrlldldlg23elr.zgczt'tticeddld'IndibssXIV.
1203 3718 1339 3800 §.LVL
1357 3737 1425 3803 pag.
1435 3735 1505 3798 503.

214 3812 244 3877 dt
262 3806 477 3876 llURNE'l'.
503 3813 524 3873 l.
541 3833 570 3877 c.
594 3812 772 3887 sol.171.a.
795 3808 883 3875 cons.
899 3807 1013 3891 Rapin.
1026 3803 1272 3873 THOYRAZ.
1298 3808 1320 3871 1.
1336 3825 1365 3870 c.
1390 3826 1419 3887 p·
1433 3817 1505 3882 4090

253 3898 304 3981 (c)
327 3891 623 3962 BUCHANAN.
647 3897 669 3958 1.
688 3913 716 3958 c.
740 3914 770 3976 p.
790 3907 860 3968 510.
