3322 4456
768 311 901 407 (219.)

179 445 276 518 nitus
295 437 437 530 sraelis,
463 415 646 527 contulit,
672 432 840 529 perditis,
865 435 983 507 exutis
999 435 1100 507 omni
1120 433 1334 535 dignitatis„
1353 441 1487 540 sapien·

179 543 268 633 tiae,
294 537 476 612 facultatis
495 535 648 630 denique
667 532 774 604 ullius
792 532 833 604 ad
854 531 989 604 bonum
1009 531 1312 631 praesumptione,
1338 541 1487 616 tumde·

178 661 279 723 mum
307 657 493 708 accurrere
518 650 687 728 oportere
712 629 755 701 ad
783 629 932 702 unicum
960 627 1097 702 fontem
1125 630 1303 707 bonorum
1324 641 1489 714 omniurn

178 735 385 811 Dominum
403 731 562 804 nostrum
581 729 699 822 Jclum
720 723 928 818 Christum,
946 727 989 800 ab
1008 727 1072 799 illo
1090 729 1263 825 quicquid
1283 731 1390 807 offert
1406 761 1487 832 per-

179 835 328 932 cipere,
367 853 408 903 ac
436 829 601 923 inprimis
627 824 942 920 incomparabilem
971 825 1072 896 illum
1101 829 1298 901 mortisue
1328 831 1489 923 passionis

178 931 288 1029 ipfius
314 926 539 1018 thesaurum,
574 943 615 998 ut
639 946 680 995 ea
707 944 776 995 una
801 923 939 995 ratione
965 923 1050 994 Deo
1077 922 1175 996 Patri
1200 925 1236 996 in
1261 925 1412 1000 solidum
1432 953 1488 1002 re·

177 1027 417 1203 lllllll
431 1015 1118 1193 ’„lllllllilllll‘ssltslllll
1144 1020 1389 1194 llltt‘tl
1404 1048 1489 1197 Pil}

177 1148 320 1299 clssliste
346 1174 477 1297 sonim
503 1215 641 1316 pudore
659 1239 723 1287 nos
742 1210 968 1289 suffundam:
1000 1214 1048 1289 fic
1068 1142 1489 1294 nobisqcertopconliabit

176 1319 232 1394 vis
254 1317 316 1392 illa
332 1315 500 1393 sacrificii
520 1314 708 1413 perpetui,
735 1336 805 1409 qua
823 1331 1056 1408 peccatorum
1076 1317 1234 1410 gratuita
1254 1313 1403 1389 remiffio
1421 1341 1487 1390 no·

176 1413 233 1498 bis
250 1417 302 1490 ita
320 1413 507 1513 obfignata
522 1411 596 1504 est,
614 1428 656 1484 ut
673 1410 750 1484 illic
769 1408 975 1506 praefidium
995 1413 1032 1485 dt
1051 1413 1243 1486 anchoram
1263 1411 1381 1487 salutis
1398 1439 1488 1490 con·

177 1512 312 1591 ilanter
329 1510 541 1608 defigamus.
567 1510 629 1588 Sic
648 1507 757 1604 ipfius
777 1506 917 1602 Spiritu
935 1506 1166 1600 sanetificati,
1192 1511 1228 1582 in
1247 1510 1490 1589 obedientiam

175 1610 329 1710 justitiae
353 1609 425 1684 Dei
449 1604 757 1681 consecrabimus:
779 1603 896 1701 »ipfius
912 1606 1027 1701 gratia
1045 1603 1273 1700 confirmati,
1300 1607 1490 1686 vibioriam

177 1707 224 1788 de
235 1708 387 1799 Suana,
403 1703 563 1795 mundo,
580 1726 708 1795 earne,
725 1700 1002 1797 reportabimus.
1028 1702 1235 1796 Postremo,
1255 1727 1365 1801 quum
1377 1731 1491 1783 mern·

176 1801 242 1887 bra
266 1803 433 1902 corporis
458 1804 470 1874 i
501 1799 568 1874 ssus
595 1800 723 1891 fimus,
755 1821 829 1872 uon
846 1797 1091 1873 dubitabimus
1110 1803 1197 1899 quin
1219 1805 1319 1877 Deus
1337 1805 1372 1876 in
1391 1803 1491 1889 filio·
1576 1881 1579 1887 ,

177 1925 259 1983 tum
278 1900 422 1977 suorum
439 1898 472 1974 al
542 1921 607 1973 uos
625 1893 825 1989 recenseat,
849 1915 893 1970 ut
911 1920 993 1969 veta
1010 1895 1144 1973 fiducia
1161 1900 1275 1995 ipsum
1294 1902 1358 1975 illo
1376 1904 1492 1983 Patris

177 1998 414 2075 amantiffimo
439 1997 586 2072 nomine
603 1995 768 2092 legitime
785 1994 1056 2089 compellem-us.
1099 1997 1177 2070 Hic
1194 1997 1245 2071 est
1264 2023 1393 2096 nempe
1410 2000 1493 2077 sco·

230 2123 254 2172 s.
273 2121 369 2171 verae
393 2093 592 2184 dulmine,
617 2115 700 2184 quae
723 2091 815 2169 &in
834 2091 1001 2163 Ecclesia
1017 2094 1088 2165 Dei
1109 2093 1269 2169 habenda
1286 2098 1337 2171 est
1354 2097 1493 2197 sem-per

237 2190 282 2262 ab
301 2192 469 2266 omuibus
487 2188 682 2276 audienda,
708 2185 903 2262 utineam
924 2185 1073 2280 scopum
1093 2212 1216 2262 omnes
1236 2190 1368 2267 smecre
1384 2198 1493 2288 colli·

177 2303 303 2380 ment,
337 2286 431 2360 dum.
451 2284 518 2357 fele
546 2281 567 2355 a
594 2281 733 2354 mundo
756 2276 878 2352 sensim
903 2278 1161 2378 subducmdo,
1192 2285 1237 2360 ad
1256 2310 1374 2384 eaput
1398 2293 1491 2370 illud

177 2384 281 2466 suum
308 2383 407 2482 quod
433 2380 485 2454 cst
512 2378 693 2468 incaelis,
719 2375 860 2450 intento
878 2373 1009 2452 affeetu
1028 2382 1065 2455 dt
1085 2385 1215 2477 apertis
1233 2387 1353 2480 votis,
1378 2392 1494 2464 mori·

178 2481 269 2576 bus,
304 2480 499 2572 institutis,
525 2475 657 2574 singuli
678 2472 746 2547 sese
762 2473 946 2549 attollant.
988 2477 1074 2570 Qua
1092 2500 1128 2552 tc
1146 2505 1228 2561 vere
1248 2484 1493 2580 pretiosrllimp

177 2580 237 2657 sua
264 2582 366 2672 luce,
401 2602 484 2678 quae
511 2574 648 2651 tamdiu
674 2570 737 2646 sub
762 2571 992 2657 ,Antichristo
1018 2575 1156 2673 sepulta
1175 2581 1347 2675 latuerat,
1375 2609 1490 2682 quum

178 2679 344 2772 nuncita
360 2675 536 2751 uberrime
551 2669 754 2772 ,perfidem
766 2671 976 2765 Dominus,
996 2673 1241 2770 pluribuuista
1255 2681 1352 2777 apud
1370 2703 1406 2757 te
1412 2707 1492 2774 nou

178 2788 347 2874 exequar.
704 2854 708 2865 x
800 2787 819 2851 ζ.
861 2844 865 2851 A
1243 2855 1246 2863 ,
1292 2828 1300 2867 ,-

228 2877 391 2948 Tantum
412 2871 510 2973 quod
528 2868 635 2966 attigi
651 2866 699 2941 de
716 2863 871 2949 docendi
890 2865 1071 2955 formato
1085 2872 1263 2969 pertinet,
1290 2895 1332 2953 ut
1348 2877 1491 2974 quaefit

174 2972 308 3049 'idonea
328 2975 420 3047 ratio
439 2967 611 3066 frequend'a
625 2969 665 3039 in
685 2965 824 3062 populo
843 2967 1061 3044 instituendo
1080 2993 1255 3055 teneatur.
1297 2976 1488 3076 Pungmdi

179 3071 260 3145 funt
288 3095 418 3168 nempe
444 3068 659 3158 advirum,
694 3082 735 3136 ut
763 3063 932 3141 sentiatur
960 3069 996 3141 in
1023 3068 1168 3168 fingulis
1186 3072 1275 3149 illud
1298 3076 1494 3172 Apostoli„

89 3196 92 3201 ·
178 3169 330 3240 verbum
357 3168 507 3240 Domini
527 3185 655 3256 nempe
674 3160 834 3257 gladium
852 3167 1046 3261 ancipitem
1065 3169 1132 3252 affe
1149 3173 1213 3263 oui
1229 3170 1495 3270 ¹intimansque·

88 3303 91 3309 ’
177 3256 954 3457 illiti}lttlcllellllrllltb
979 3264 1492 3458 &illslltllloelltt

958 3414 967 3431 ·
1106 3414 1145 3454 a·
1302 3417 1314 3456 r
1439 3446 1442 3451 ,

178 3459 414 3553 nominatim,
449 3459 619 3554 quoniam
649 3477 776 3526 vereor
802 3479 846 3527 ne
873 3478 998 3552 paucae
1025 3481 1152 3532 extent
1176 3462 1215 3534 in
1234 3458 1374 3562 Regno
1389 3467 1489 3545 viuac

179 3549 395 3631 conciones:
432 3557 551 3655 major
573 3577 650 3651 pars
677 3570 795 3624 autem
824 3556 860 3626 in
888 3556 1109 3632 recitationis
1135 3561 1282 3636 modum
1305 3563 1488 3647 decurrat,

180 3659 239 3730 Ac
256 3655 362 3728 video
381 3653 525 3752 quidem
544 3653 698 3750 aliquam
719 3647 816 3725 istius
834 3651 1043 3729 neceffitatis
1058 3655 1281 3733 occafionem
1297 3661 1489 3745 intervos:

179 3755 264 3850 quia
289 3776 419 3846 nempe
446 3751 549 3825 vobis
572 3775 643 3825 non
663 3749 801 3823 suntad
821 3774 964 3834 manum
985 3754 1147 3849 probi&
1167 3756 1289 3832 idonei
1305 3759 1491 3855 Pastores,

179 3849 339 3929 &fedus
358 3852 419 3928 ille
435 3849 502 3926 suo
515 3850 669 3950 quodam
688 3846 1096 4020 mmpexplenwsest.
1122 3854 1268 3947 Deinde
1279 3857 1491 4030 carendis}

825 3968 896 4025 ce
1432 3977 1453 4030 e
