3322 4456
760 301 871 404 (rr-l

165 454 247 531 lunt
270 442 487 525 communia.
522 438 724 529 Damnare,
750 438 939 528 dissecare,
966 436 1003 510 in
1023 458 1167 511 crucem
1186 436 1313 537 agere,
1336 455 1465 512 exure·

163 577 223 644 re,
244 546 445 633 decollare,
464 541 566 612 bonis
582 538 773 631 Judicibus
792 560 875 608 curn
895 536 1017 632 piratis
1034 559 1075 606 ac
1094 528 1467 632 tyranniscourruunit

164 650 257 723 sunt.
300 642 409 714 Varia
433 639 513 710 sunt
540 638 726 709 bominum
749 635 899 729 judicia.
934 633 1000 705 llle
1023 629 1133 723 felix,
1159 635 1220 727 qui
1235 633 1363 725 Judice
1382 633 1465 706 Deo

164 742 372 817 absolvitur.
416 738 511 808 Bene
526 736 617 806 vale.
660 734 797 804 Datum
817 731 910 825 apud
929 732 1129 824 Friburgum
1149 721 1295 826 Brisgaae
1313 728 1464 805 Calend.

160 842 279 934 iuliis.
306 841 414 908 Anno
433 831 624 905 rnillefimo
641 828 929 926 quingentesimo
947 826 1122 924 vigefimo
1140 851 1250 900 nono.

705 1069 823 1144 Num.
849 1071 931 1161 Xl.

243 1206 246 1212 Ι
352 1241 558 1342 Articles
584 1234 834 1337 veritables
860 1236 930 1338 sur
953 1237 1019 1336 les
1044 1233 1277 1339 horribles

462 1377 637 1517 grands
663 1392 708 1475 δε
733 1375 1043 1514 importables
1073 1376 1183 1476 abus

556 1518 614 1615 de
643 1516 689 1616 la
714 1512 860 1615 Mcffe
883 1514 1082 1656 papale:

739 1690 905 1786 Aurea·

269 1888 349 1961 Nni
371 1881 656 1957 MDXXXlV.
683 1902 825 1978 ternpus
845 1905 928 1958 cum
949 1881 992 1955 ad
1012 1882 1127 1956 varios
1147 1906 1260 1957 rerum
1282 1884 1321 1960 &
1337 1886 1475 1984 ancipi-

288 2009 336 2056 tes
356 2005 503 2055 eventus
522 1983 698 2075 plerisque
716 1983 750 2050 in
771 1983 881 2074 locis,
908 2005 984 2052 turn
1008 1980 1167 2053 Lutetiae
1187 1982 1342 2058 maxime
1361 1984 1473 2084 inlig-

168 2110 213 2155 ne
242 2081 405 2154 &fatale
430 2079 511 2149 fuit.
559 2078 654 2147 Nam
676 2098 758 2148 curn
779 2080 947 2150 Geraidus
972 2077 1086 2172 Rufus
1105 2079 1337 2175 Margaritae,
1364 2083 1394 2155 F
1397 2107 1477 2157 ran·

171 2179 257 2250 cilci
279 2179 327 2264 (a)
358 2173 488 2245 Gallia·
518 2173 632 2265 Regis
661 2173 822 2263 Sororis,
858 2174 1014 2265 Reginae
1037 2175 1211 2247 Navarrae
1231 2178 1411 2274 auspicio,
1439 2182 1478 2256 &

170 2276 358 2349 Cauraldus
386 2272 423 2342 ὃς
451 2269 688 2355 uribaldus,
722 2268 852 2362 aliique
879 2267 1055 2339 clrrriffimi
1082 2271 1150 2341 viri
1177 2272 1319 2366 quidem
1340 2277 1395 2364 ita
1413 2277 1478 2350 de·

171 2395 272 2446 rtrum
296 2365 485 2463 Evangelii
506 2366 691 2434 veritatem
712 2367 965 2453 enuntiarent,
991 2385 1032 2436 ut
1052 2386 1129 2437 turn
1150 2371 1304 2463 primum
1324 2370 1479 2446 illuxill'e

173 2469 337 2542 Lutetiae
357 2465 504 2536 verbum
525 2459 662 2530 domini
683 2460 883 2534 videretur:
913 2461 1101 2558 Evangelii
1123 2466 1321 2557 perduelles
1340 2468 1481 2541 Sotbo·

173 2562 299 2653 nistre,
318 2585 428 2657 quum
449 2561 577 2631 borum
598 2557 784 2630 hominum
804 2560 839 2629 in
859 2559 1013 2631 dicendo
1030 2560 1200 2633 virtutem
1214 2564 1480 2640 &concurren-

173 2661 304 2739 tisino
324 2658 451 2758 populi
471 2655 714 2728 celebritatem
736 2657 772 2728 ὃ(
793 2654 1027 2749 frequentiam
1046 2658 1390 2755 animadverterent,
1416 2684 1481 2739 ox·

173 2777 429 2860 pugnaverunt
455 2774 496 2826 ut
520 2752 589 2825 illis
607 2751 790 2850 suggestus
810 2754 1105 2845 interdiceretur,
1131 2755 1335 2852 gravissirno
1354 2759 1481 2836 dolore

172 2881 320 2948 eorum,
356 2855 417 2951 qui
445 2875 489 2924 ex
519 2851 725 2946 hujusmodi
744 2853 982 2924 concionibus
1003 2852 1197 2946 plurimum
1217 2855 1249 2930 se
1269 2855 1481 2934 consecutor
1517 2864 1523 2873 “

161 2957 241 3039 ¹elle
257 2952 534 3028 arbitrabantur.
574 2948 633 3020 llli
653 2968 751 3023 tanta
768 2949 897 3049 injuria
917 2953 1027 3044 Reip.
1047 2951 1261 3024 Christianae
1281 2957 1480 3049 commoti,

175 3055 389 3131 concionem
418 3051 453 3120 in
480 3049 655 3144 privatam
675 3049 712 3122 ὃ(
732 3047 965 3122 domesticam
985 3048 1140 3120 docendi
1159 3073 1330 3124 rationem
1352 3055 1484 3151 aequali

176 3151 251 3225 fere
270 3149 426 3223 successu
448 3142 685 3241 profectuque
703 3167 982 3238 converterunt,
1002 3148 1099 3242 quod
1113 3148 1225 3244 ipsum
1242 3173 1385 3245 qunque
1400 3173 1482 3248 pet·

175 3247 252 3320 taefi
274 3247 387 3319 hostes
403 3245 514 3340 jurati
534 3243 716 3332 veritatis,
737 3243 873 3315 rursum
893 3244 1151 3337 obtinuerunt,
1170 3266 1212 3318 ut
1228 3246 1273 3317 de
1292 3248 1481 3322 concioni·

174 3342 243 3417 bus
270 3340 499 3414 interdictum
524 3340 631 3412 etiam
650 3336 693 3409 ad
712 3338 942 3412 domesticam
967 3341 1153 3437 Evangelii
1173 3342 1369 3438 profitendi
1389 3345 1427 3429 δι
1446 3347 1484 3421 in

174 3460 360 3541 praecepta
384 3437 562 3536 dirigendi
590 3432 883 3605 cousuetudkipern
902 3435 1035 3510 indidia
1052 3442 1154 3537 gravi
1174 3439 1308 3516 nruldla
1325 3445 1482 3541 pertine·

851 3559 873 3607 2-
1445 3564 1484 3616 l'e

218 3701 268 3780 (a)
294 3700 340 3764 lta
365 3698 395 3762 in
419 3696 504 3764 Artis
528 3697 710 3786 Martyrum
736 3695 942 3764 CRISPlNl
969 3699 998 3763 in
1023 3718 1053 3781 4.
1088 3701 1174 3768 editis
1196 3705 1287 3783 1560.
1319 3703 1378 3771 l'ol.
1396 3705 1448 3787 64.
1460 3668 1483 3770 'b

173 3784 267 3850 causa
289 3782 439 3862 refertur,
470 3801 541 3878 qoae
563 3783 608 3848 bis
627 3780 781 3848 Articulis
805 3784 997 3868 propalandis
1017 3784 1252 3851 subministravit
1270 3788 1481 3869 occafioirem.

177 3868 267 3933 conf.
292 3866 400 3954 Operis
423 3865 516 3946 nostre
542 3864 572 3944 i.
592 3883 718 3930 xxxiv.
740 3884 808 3949 pag.
821 3884 891 3931 roo.
919 3868 1053 3952 &scqq.
1079 3889 1145 3952 pag.
1164 3888 1217 3951 95.
1247 3868 1427 3940 &ssuzu
1450 3866 1483 3944 ln

177 3952 312 4037 Histoire
330 3945 447 4033 Eccles.
463 3947 514 4014 des
530 3945 652 4036 Eglises
668 3948 845 4032 Reformles
861 3950 962 4020 Tom-
980 3952 1007 4019 1.
1030 3972 1061 4038 p.
1075 3970 1124 4034 15.
1144 3954 1194 4020 16.
