3322 4456
139 307 308 403 mm.
472 285 1219 375 RENova'rl.'
1375 316 1442 403 '¹5¹

183 425 255 502 Sed
283 426 355 502 ltoc
376 445 468 502 anno
491 441 597 515 1543.
631 432 785 489 mortem
806 411 898 483 obiit
918 414 1098 494 Gulielmttt
1116 421 1232 498 BEL
1246 423 1277 499 L
1291 425 1319 499 A
1332 425 1402 520 JU
1417 429 1442 502 S

136 521 441 613 LANGAEUS,
476 518 521 591 de
548 540 620 611 quo
647 537 720 584 non
738 506 951 620 semel-fasta
967 511 1017 581 est
1037 523 1192 614 mentio,
1219 525 1366 598 summae
1386 527 1443 598 vir

136 623 325 723 dignitatis
351 637 457 714 atque
483 613 650 701 virtutis,
686 609 723 681 δι
747 628 974 715 praectpuum
992 607 1145 685 Gallicae
1164 621 1361 697 nobilitatis
1380 649 1440 698 ot·

134 739 365 806 numentum,
391 715 439 785 ob
455 710 630 803 infignem
651 702 875 794 dollunam,
898 702 1163 800 eloquentiam,
1181 716 1279 790 usum
1299 745 1439 816 rerunt,

136 821 175 894 ὃ(
205 814 418 909 singularem
445 811 482 879 in
508 805 608 875 omni
634 798 820 875 fonslione
845 801 1118 875 dexteritatem:
1146 807 1254 904 longe
1270 818 1438 892 nimitum

136 911 310 986 dilsrrnilis
329 907 402 999 (a),
436 901 457 976 al
483 901 661 998 plerisque
687 900 836 996 Regum
862 895 1114 990 fellatoribus,
1148 907 1210 999 qui
1238 907 1312 980 suas
1328 917 1439 987 modo

136 1009 328 1084 facultates
345 999 564 1098 amplificare
583 998 722 1071 student
733 1029 746 1082 ς
777 997 856 1094 lpse
873 1015 991 1070 autem
1011 998 1159 1097 ingenio
1180 1003 1326 1077 heroico
1343 1031 1438 1102 prae.

137 1107 258 1197 ditur,
291 1101 402 1176 solum
429 1088 474 1176 eb
493 1095 692 1195 spediabat,
719 1114 761 1168 ut
777 1093 889 1168 solida
907 1097 1042 1170 virtute
1063 1096 1126 1169 fibi
1147 1123 1263 1173 veram
1284 1104 1437 1201 gloriam

135 1218 382 1376 ῗωρειιέςεΐι,
413 1199 455 1368 ἐς
481 1196 623 1269 fidelem
650 1215 796 1365 pperam
822 1193 885 1267 suo
913 1194 1093 1292 Principi,
1131 1197 1189 1271 vel
1217 1222 1437 1277 cumrerum

174 1324 272 1374 arum
317 1323 325 1370 t
366 1321 410 1371 en
438 1321 473 1366 ro
521 1316 708 1367 navares

180 1394 298 1496 Supte
315 1322 451 1468 dipsium
470 1347 521 1466 e’st
539 1392 618 1487 (b),
636 1390 682 1462 de
699 1386 969 1462 concionatore
986 1388 1143 1462 Parisino
1158 1395 1436 1473 FrancircoLan·

131 1498 215 1584 droa
236 1498 332 1570 Cum
350 1493 379 1566 is
393 1492 436 1566 ad
453 1489 628 1564 doetrinae
646 1488 766 1582 capita
782 1484 1198 1586 responderet-ambigue
1218 1498 1271 1584 (c)
1283 1549 1293 1586 ,
1305 1497 1350 1571 ·&
1369 1499 1436 1571 do.

132 1594 250 1670 tendo
273 1609 462 1692 pergeret,
497 1589 623 1662 diebus
650 1587 788 1680 aliquot
814 1605 896 1656 ante
920 1583 1050 1658 Pascha
1063 1585 1175 1682 julius
1193 1589 1243 1663 esl
1261 1596 1296 1662 in
1315 1618 1436 1670 carce·

130 1715 203 1768 rent
222 1695 298 1767 ire·
316 1690 596 1786 Theologorum
616 1685 689 1758 boc
706 1681 838 1757 fanum
859 1677 928 1757 suit
947 1684 1121 1780 impulsu,
1140 1689 1200 1782 qui
1222 1689 1322 1762 illum
1340 1694 1436 1787 apud

127 1789 396 1889 propraetorem
417 1786 634 1859 accusarant.
670 1783 811 1856 Diebus
828 1782 968 1878 aliquot
987 1781 1108 1877 postea
1123 1784 1207 1859 Rex
1229 1791 1327 1861 venit
1348 1792 1435 1864 San·

128 1909 363 1988 gumerium,
398 1889 525 1979 (Sciat
543 1881 728 1970 Garmai»)
757 1882 854 1981 quod
882 1879 933 1954 est
961 1880 1052 1955 infra
1070 1881 1253 1957 Lutetiam
1275 1888 1434 1986 quinque

129 1987 338 2060 milliaribus
355 1983 593 2080 oppidulum,
614 1981 651 2055 δε
670 2005 732 2053 arx
750 1982 794 2053 ad
813 1979 1036 2076 Sequanama
1057 1980 1106 2054 Et
1123 1984 1258 2055 certior
1269 1984 1379 2060 sallus
1390 1987 1435 2061 de

304 2081 418 2244 *att
436 2076 1340 2250 sterilitatiultimumuu
1354 2110 1435 2182 u·

129 2192 460 2355 winlsnneltl
476 2197 530 2374 its
545 2199 650 2376 linrul
669 2262 785 2337 astuto
803 2200 955 2338 ctinsrlio
972 2197 1435 2368 abirltoulnqeujltsglsatlillsmeil

129 2369 238 2444 minis
257 2359 532 2463 perterrefectlse
547 2364 742 2451 dicuntur,
760 2380 953 2435 utomnem
967 2365 1170 2439 serecorim
1183 2369 1309 2464 Rege,
1328 2398 1434 2466 quem

15 2543 22 2553 ,
128 2468 361 2540 veliementer
388 2464 423 2533 in
444 2460 557 2557 ipsum
575 2458 827 2532 exacerbatum
847 2457 915 2528 esse
933 2461 1118 2550 dixerant,
1143 2465 1329 2537 veritatem
1350 2492 1434 2560 pro·

28 2557 64 2574 ⁸*
126 2562 256 2639 fitendi
283 2588 324 2636 ac
351 2559 554 2633 adstruendi
581 2556 802 2628 alacritatem
833 2555 1020 2650 perdidille
1046 2558 1254 2651 videretur,
1291 2563 1435 2661 ipseque

125 2664 212 2737 Rex
232 2665 309 2754 ejus
324 2657 487 2750 causam,
507 2657 565 2727 cui
584 2655 796 2750 ceteroquin
811 2649 975 2747 favebat,
996 2654 1190 2752 abjiceret,
1210 2661 1433 2752 quandonon

126 2761 177 2834 ita
202 2761 322 2832 multo
348 2755 449 2854 poll,
485 2753 597 2826 redire
619 2749 732 2849 julius
758 2750 969 2842 Lutetiam,
998 2753 1036 2826 d.
1056 2777 1115 2836 29·
1134 2757 1271 2849 Aprilis
1288 2758 1435 2837 condius

125 2859 176 2933 est
194 2883 233 2931 ea
250 2880 331 2954 quae
352 2856 449 2952 prius
467 2851 661 2942 docuerat,
681 2848 844 2922 detestari
862 2846 920 2922 sua
934 2874 1045 2923 voce:
1068 2853 1433 2936 Conveneruntenim

126 2948 166 3030 ea
183 2957 241 3030 die
259 2958 296 3029 in
315 2952 392 3027 aede
411 2952 575 3050 primaria
588 2950 775 3024 Senatores
794 2948 905 3022 curiae
920 2948 1120 3047 supremae,
1140 2951 1226 3026 item
1245 2958 1432 3055 magistra·

126 3061 184 3132 tus
208 3077 355 3144 ornnes,
391 3052 427 3125 ὃ(
459 3053 601 3122 l’raetor
627 3047 800 3139 urbanus,
838 3046 1092 3146 &Theologi
1119 3074 1252 3148 magno
1268 3078 1433 3134 nurnero.

127 3148 274 3230 Deinde
291 3150 468 3245 ternplum
487 3146 556 3222 suit
575 3145 759 3220 occlusum
780 3146 816 3218 ὃ(
836 3143 974 3238 septum
994 3147 1258 3241 apparitoribus
1267 3157 1432 3250 armatis,

127 3251 188 3345 qui
209 3247 384 3346 populum
406 3247 506 3318 illinc
524 3265 698 3318 arcerent.
724 3241 802 3313 Ubi
822 3240 1057 3315 consederunt
1072 3268 1216 3338 omnes,
1236 3251 1433 3327 recitantur

128 3337 1430 3539 {pstillistas⁸‘tbsslzlzlsstlltlllillta?llll?

130 3542 311 3638 quentiam
340 3496 560 3637 inportet'nn
589 3539 807 3638 pollicetur,
841 3535 944 3610 &ea
970 3535 1144 3613 doslrittae
1174 3498 1315 3642 capita,
1350 3571 1433 3643 quae

1360 3669 1435 3741 prt-

171 3782 221 3865 (a)
247 3776 472 3847 SLElDRN.
490 3780 568 3846 Hisl.
588 3780 660 3850 Lib.
679 3779 760 3848 XV.
786 3801 816 3865 p.
835 3793 906 3862 251·
1010 3801 1025 3830 1
1414 3807 1430 3815 ··

171 3867 225 3949 (b)
248 3865 310 3928 vid.
331 3863 360 3945 b.
381 3863 511 3929 XLIV.
535 3884 604 3952 pag.
623 3884 693 3952 139·
714 3882 784 3950 ¹40·

170 3954 222 4036 (c)
246 3947 565 4022 suetonum.
668 4027 671 4033 ,
