3322 4456
158 270 325 370 ΛΑΜ.
480 262 1120 344 RENOVATI.
1246 261 1249 266 ’
1390 294 1480 372 ιρς,

158 446 186 492 ,,
197 393 328 467 fortior
342 387 416 483 est,
434 389 495 485 qui
512 389 548 460 in
563 385 744 477 nobisell,
759 409 863 481 quam
876 387 936 480 qui
949 387 983 456 in
994 388 1129 460 mundo
1140 388 1209 479 est3
1222 389 1457 490 dolnr‚quem

155 492 362 588 „sentimus
389 487 505 560 brevis
531 485 582 556 est
602 485 638 556 &
656 487 831 578 exiguus,
859 484 1031 578 gaudium
1050 483 1136 558 vero
1155 490 1190 562 dt
1210 488 1371 563 solatium
1390 496 1467 566 erit·

155 610 382 685 „aeternum
409 582 679 654 Contendamus
699 582 829 651 intrare
848 603 912 674 per
930 581 1076 651 eandem
1095 585 1277 678 angustam
1295 610 1434 680 porram
1446 620 1467 684 ‚0

156 710 258 783 „per
275 707 379 780 quam
393 679 556 753 Salvator
569 675 686 749 noster
699 695 853 748 antenor
865 674 1140 772 ingrellusestin
1151 682 1301 774 gloriam
1314 686 1460 778 suam„

201 782 352 855 Talium
383 777 586 872 Martyrum
614 772 781 872 sanguine
800 775 935 940 rigatus
952 775 1021 846 fuit
1039 796 1123 870 ager
1142 777 1315 850 Ecclesrae
1336 784 1458 858 Scoti-

156 903 232 969 cae,
258 879 321 975 qui
340 874 442 947 brevi
462 872 541 970 post
557 871 691 967 largam
712 868 831 944 Confe
862 894 962 944 orum
984 871 1140 966 prabuir
1159 874 1322 949 medem!

206 986 237 1063 §-
258 972 386 1046 XCV.
412 968 656 1045 Cromwellus
674 969 711 1038 in
729 987 828 1040 tanta
844 990 1048 1064 temporum
1065 967 1302 1061 difficultate,
1325 975 1460 1071 aliquid
1550 1028 1561 1051 .

156 1072 257 1167 quod
284 1068 470 1168 Religioni
497 1065 702 1162 proficuum
729 1062 815 1138 ellet
840 1064 1041 1137 audendum
1067 1088 1186 1159 ratus,
1220 1093 1264 1142 co
1292 1069 1391 1166 ipso,
1417 1095 1458 1146 ut

154 1167 310 1242 humana
328 1164 476 1242 consilia
491 1164 584 1260 saepe
601 1159 764 1235 aliorsum
779 1163 932 1255 cadunt,
952 1161 1014 1235 fibi
1027 1165 1219 1236 maturavit
1230 1168 1459 1260 exitium.(a)

31 1276 43 1290 ⁰
156 1264 328 1340 Noverat
348 1266 515 1360 Regem,
542 1259 734 1352 uxoribus,
760 1283 844 1355 quas
864 1262 901 1334 dt
921 1259 1089 1355 quamdiu
1107 1262 1268 1356 amabat,
1297 1263 1375 1339 satis
1395 1267 1457 1341 de·

154 1361 296 1454 ditum,
330 1384 439 1458 quum
468 1357 489 1431 ri
507 1356 719 1431 concubinis
736 1357 890 1430 alienum
909 1377 1048 1454 gereret
1066 1361 1222 1432 animum
1242 1385 1368 1457 easque
1386 1389 1459 1441 non

152 1457 307 1534 foveret.
351 1456 621 1551 Circumspexit
647 1457 761 1552 igitur
788 1457 950 1528 idoneam
978 1460 1075 1552 Regi
1095 1477 1172 1529 tum
1192 1459 1312 1530 caelrbi
1331 1464 1458 1537 condi·

152 1559 315 1648 tionem,
341 1556 534 1652 Virginem
554 1553 835 1625 Protellantium
852 1553 1013 1647 partibus
1032 1553 1219 1627 addiclam.
1254 1556 1379 1632 Multa
1395 1585 1458 1635 au·

151 1653 266 1728 dierat
290 1654 336 1727 de
362 1653 476 1725 lorma
497 1652 645 1746 aliisque
662 1648 808 1723 dotibus
827 1651 904 1723 AN
911 1652 948 1723 N
954 1651 1005 1723 AE
1025 1650 1220 1743 Cliniam,
1247 1657 1351 1752 cujus
1370 1659 1457 1734 Fra·

150 1769 227 1843 ter,
262 1771 394 1846 praeter
419 1750 601 1839 Cliviam,
633 1747 838 1841 Juliacum,
874 1749 1044 1839 Montes,
1082 1750 1266 1841 Marcam,
1295 1755 1456 1854 aliaque,

149 1851 257 1923 etiam
278 1848 440 1922 Gelriam
460 1868 546 1920 tunc
560 1847 634 1944 jam
656 1845 820 1935 tenebat,
845 1844 901 1918 sed
920 1849 1036 1921 invito
1054 1846 1194 1941 prorsus
1213 1848 1363 1923 Caesare.
1390 1856 1462 1926 So·

148 1969 211 2021 ror
236 1968 355 2019 autem
384 1966 495 2040 nupta
521 1963 596 2017 erat
625 1943 783 2017 Eleciori
804 1945 996 2018 Saxonico.
1041 1945 1149 2019 l·lanc
1167 1970 1256 2043 ergo
1272 1973 1458 2024 commen·

149 2043 249 2120 davit
274 2044 399 2142 Regi,
433 2044 492 2114 cui
520 2066 603 2115 cum
632 2043 788 2136 placeret
810 2043 996 2134 conditio,
1022 2042 1248 2118 contractum
1266 2046 1317 2118 est
1335 2050 1463 2124 matri·

148 2143 337 2228 monium,
364 2142 402 2210 δε
422 2140 472 2208 ira
489 2138 631 2233 appulit
647 2157 802 2210 exeunte
820 2162 913 2209 anno
928 2162 1031 2237 ¹53⁹·
1057 2138 1180 2233 sponsa
1200 2150 1235 2214 in
1252 2146 1437 2242 Angliarn.

197 2235 307 2325 Rex,
335 2230 508 2304 desiderio
533 2255 609 2303 eam
637 2231 780 2304 videndi
799 2231 950 2329 flagrans
984 2234 1039 2324 (b)
1075 2235 1225 2310 Roffam
1245 2247 1458 2340 contendit,

75 2398 80 2403 .
149 2330 225 2431 qud
244 2353 317 2403 non
336 2328 507 2427 cognitus
525 2328 598 2423 ipse
615 2349 690 2399 eam
710 2324 944 2423 conspiceret.
972 2330 1042 2402 Sed
1061 2333 1179 2427 primo
1201 2334 1316 2411 statim
1335 2340 1459 2437 aspec-

149 2450 188 2505 tu
215 2453 298 2502 cunr
326 2450 525 2517 minorem,
560 2447 666 2519 quam
691 2448 816 2509 rumor
834 2426 870 2500 δε
891 2423 1028 2522 pilium
1048 2450 1121 2519 prae
1139 2428 1173 2502 se
1191 2433 1367 2530 tulerant,
1393 2439 1458 2512 de·
1581 2479 1595 2507 0

146 2526 384 2627 prehenderet
410 2525 480 2596 oris
508 2522 727 2595 venustatem
751 2543 858 2617 arque
877 2522 1178 2619 pulcritudinem,
1206 2527 1233 2599 is
1252 2548 1355 2602 tanto
1373 2558 1456 2607 cor·

145 2645 270 2722 ceptus
295 2623 429 2694 dicitur
455 2619 619 2711 fastidio,
654 2639 694 2692 ut
719 2620 864 2691 eandem
887 2622 1073 2718 innuptam
1094 2623 1295 2698 remiffurus
1315 2625 1456 2726 fuisset,

143 2723 221 2799 nifi.
239 2739 417 2816 cognatos
446 2720 629 2813 Principes
656 2716 777 2790 fuiffet
803 2719 1001 2809 reveritus,
1043 2719 1162 2816 sicque
1188 2723 1346 2797 animum
1374 2727 1457 2804 bre·

143 2824 182 2896 vi
213 2840 377 2914 tempore
408 2815 451 2886 nd
484 2815 613 2887 durum
645 2816 733 2887 adeo
761 2814 949 2889 consilium
976 2841 1052 2890 earn
1079 2819 1235 2894 ducendi
1263 2822 1457 2903 obfirmare

144 2916 345 3011 debuillet,
386 2936 588 3014 quanquam
617 2915 674 2988 vel
704 2912 750 2985 fic
779 2938 863 2987 cum
890 2938 930 2988 ea
955 2914 988 2989 se
1014 2939 1089 2989 rem
1117 2917 1246 2994 habere
1269 2945 1337 2996 nec
1364 2925 1457 3001 velle

715 3011 841 3111 003
1387 3038 1485 3100 nec‘

185 3163 236 3244 (a)
259 3155 537 3226 BURNETUS
562 3171 667 3224 tamen
688 3157 861 3242 fol.153.b
885 3160 1044 3242 observat,
1069 3162 1194 3229 causam
1214 3166 1315 3249 lapsus
1332 3166 1456 3236 Crom-

144 3244 236 3311 welli
259 3242 386 3307 aliunde
408 3245 501 3307 etiam
528 3243 712 3326 petendam,
743 3264 840 3326 qoam
860 3243 876 3307 i
895 3247 962 3308 sola
979 3246 1171 3311 matrimonii
1189 3246 1284 3332 Regis
1303 3250 1455 3318 delibera·

144 3327 249 3405 tione,
278 3326 393 3410 quippe
408 3347 485 3391 cum
504 3325 573 3392 Rex
590 3325 692 3389 adhuc
708 3327 738 3390 d.
758 3346 833 3390 xiv.
851 3327 967 3408 Aprilis
981 3348 1072 3408 ¹540·
1099 3349 1187 3393 novo
1205 3334 1342 3396 eundem
1354 3336 1455 3407 ,ritulo

145 3411 283 3479 Comitis
307 3407 437 3477 Eileriae
461 3410 696 3490 cohonestaret,
720 3411 808 3491 qnod
827 3409 966 3474 fodorus
983 3412 1113 3477 minime
1130 3412 1251 3497 fuiffet,
1276 3417 1458 3490 fieundem

144 3513 221 3562 mox
239 3495 299 3558 illo
336 3494 436 3557 rivare
449 3494 516 3573 jam
533 3509 602 3559 tum
621 3495 650 3556 in
668 3493 810 3558 animum
827 3492 1011 3558 induxisset:

185 3580 239 3657 (b)
263 3578 290 3640 B
337 3575 480 3644 RNET.
504 3578 672 3657 fol.i52.a
697 3574 824 3642 Dicitur
841 3592 968 3655 aurem,
996 3577 1172 3656 johannem
1192 3583 1352 3671 Holdem,
1377 3588 1453 3656 illu·

145 3658 239 3726 llrem
257 3658 351 3719 illum
368 3659 541 3740 pidlorem,
560 3662 734 3738 Imaginem
751 3660 873 3741 Annae,
892 3659 909 3723 d
927 3661 957 3725 se
973 3680 1035 3724 nnn
1054 3663 1114 3727 sine
1131 3662 1312 3732 adiila'rione
1326 3670 1456 3754 piciori·

144 3746 204 3811 bus
221 3739 383 3818 familiari,
406 3741 541 3822 pidiam,
566 3743 645 3827 Regi
663 3744 876 3825 rransm‘fiffe,
901 3765 971 3827 qua
988 3745 1068 3809 adei)
1087 3749 1136 3830 ipsi
1155 3753 1322 3833 placuerit,
1340 3772 1374 3816 nr
1391 3757 1456 3839 ipse

145 3821 440 3977 “meisllsi‘icgii’
470 3847 549 3894 cum
565 3831 669 3896 minus
689 3830 822 3917 Imagini
837 3829 1056 3916 responderet,
1081 3831 1169 3901 tauto
1187 3837 1282 3922 magis
1300 3836 1353 3921 ipli
1369 3859 1454 3922 quo·

146 3933 210 4001 que
247 3927 313 3994 rpr
416 3952 424 3969 .
644 3932 907 3969 „sm-
923 3952 955 3975 -s
