3322 4456
185 330 349 427 A.1536.
463 314 1145 400 ΙΙὶΕΝΟῐῙΑΉ.
1414 322 1485 415 265

185 456 301 530 banna
328 446 553 546 atqueatquc
571 447 676 519 etiam
698 444 823 553 Anna,
849 439 1117 518 Reformationi
1134 437 1297 532 favebat,
1323 436 1362 514 dt
1380 434 1484 512 Doc-

185 554 326 633 toribus
345 544 574 640 Evangeiieis
591 559 665 611 erat
683 537 843 625 addrsta3

238 649 376 721 Interea
395 662 533 726 tamen,
560 637 845 729 persecutionum
865 633 967 706 aestus
982 635 1017 706 in
1033 631 1370 727 privatosquosdam
1381 630 1484 705 Con·

188 743 329 817 sessores
348 737 397 828 (a)
426 734 634 828 ingruebat,
663 733 725 827 qui
743 732 814 803 hoc
833 754 924 802 anno
940 741 1042 825 153⁶·
1067 729 1110 802 ad
1130 729 1346 827 supplicium
1366 731 1481 826 rapie-

188 841 341 926 bantur,
367 853 519 926 quorum
536 831 609 923 jam
629 852 701 900 non
720 829 849 899 inimus
868 849 1067 898 numerum.
1515 896 1521 914 ἱ

237 934 448 1017 Caeterum,
475 948 515 998 ut
533 928 577 996 de
595 924 761 996 civilibus
779 927 875 996 circa
891 921 1137 996 successionem
1157 920 1310 994 consiliis
1321 922 1411 995 nihil
1429 944 1484 995 re·

190 1029 362 1110 seramus,
391 1023 518 1095 Paulus
539 1022 609 1092 111.
634 1023 740 1093 Pont.
758 1022 871 1090 Rom.
893 1021 953 1115 qui
974 1021 1010 1091 in
1027 1019 1226 1093 Clementis
1244 1018 1335 1089 Vll.
1361 1019 1484 1091 locum

189 1147 271 1197 ante
289 1121 469 1194 biennium
481 1115 715 1207 successerat,
734 1116 900 1208 sublatis,
921 1117 973 1189 uti
991 1117 1227 1210 opinabatur,
1245 1113 1370 1187 diffidii
1383 1134 1484 1188 caut·

191 1222 261 1313 sis,
297 1215 491 1292 catharina
518 1214 555 1286 ὅτ
583 1214 717 1305 Anni,
751 1234 999 1308 opportunum
1028 1211 1182 1285 maxime
1206 1230 1348 1308 tempus
1373 1209 1486 1285 adesse

191 1339 284 1392 ratus
309 1312 380 1405 est,
405 1311 450 1383 ad
476 1311 680 1382 tentandam
707 1310 816 1381 altera
842 1311 922 1382 vice
945 1310 1274 1383 reconciliationem
1301 1332 1383 1381 cum
1406 1307 1487 1382 sede

192 1416 380 1500 Romana,
413 1406 569 1480 successu
597 1427 714 1479 tamen
731 1405 951 1493 frustrane03
979 1409 1063 1477 Rex
1082 1409 1176 1478 enim
1194 1406 1340 1478 totalem
1360 1405 1488 1479 Ponti·

192 1512 286 1584 siciae
316 1503 550 1579 nuetorrrans
576 1504 846 1601 abrogationem
874 1527 971 1576 novo
999 1505 1145 1577 Statuto
1167 1504 1346 1576 unicuivis
1365 1503 1485 1600 injun-

193 1632 298 1706 gere,
331 1625 438 1698 atque
464 1603 556 1673 inter
581 1602 649 1672 alia
665 1603 735 1674 hoc
754 1602 809 1673 uti
826 1598 1040 1675 Praesamine
1058 1599 1136 1694 (b),
1172 1599 1313 1697 „quod
1333 1599 1486 1696 Episco-

190 1757 217 1799 „
245 1727 310 1799 pus
338 1704 545 1790 Romanus,
577 1721 684 1795 quem
712 1699 877 1770 nonnulii
901 1699 1030 1793 Papam
1052 1716 1207 1789 vocant,
1234 1697 1315 1771 inde
1334 1696 1355 1768 ai
1373 1696 1486 1796 longo

190 1854 218 1896 „
243 1820 406 1896 tempore
423 1796 586 1868 Verbum
607 1797 679 1868 Dei
697 1793 933 1889 obscurasset,
958 1790 1033 1892 qud
1050 1795 1200 1868 vanitati
1217 1793 1310 1887 suae,
1334 1793 1489 1891 gloriae,

189 1953 218 1993 „
243 1898 423 1985 avaritiae,
456 1892 645 1967 ambitioni
673 1894 710 1966 ὃ(
738 1895 916 1988 tyrannidi
938 1894 973 1964 in
991 1894 1142 1984 animas,
1169 1915 1321 1988 corpora
1338 1892 1375 1966 &
1392 1890 1488 1966 bona

192 2049 220 2091 ‚,
248 1994 532 2067 Christianorum
552 1989 773 2081 velificaret,
795 1991 980 2064 Christum
1000 1990 1020 2062 ia
1038 1991 1198 2063 dominio
1216 1991 1253 2062 in
1269 1991 1401 2063 animas
1418 1989 1487 2075 ho·

193 2144 221 2184 „
247 2093 407 2180 minum,
439 2089 622 2181 Principes
641 2089 729 2159 verb
749 2086 768 2156 d
788 2087 962 2180 potestate
980 2088 1017 2158 in
1036 2111 1142 2185 regna
1160 2087 1218 2159 sua
1235 2085 1488 2176 excludendo}

191 2237 218 2276 ‚‚
245 2187 342 2276 quod
368 2186 404 2251 in
432 2185 566 2275 Angiia
593 2179 796 2251 immensam
824 2184 987 2274 pecuniae
1006 2185 1102 2276 vim,
1128 2185 1294 2275 somniis,
1320 2183 1487 2257 vanitati·

191 2331 218 2375 ‚,
243 2277 339 2368 bus,
376 2275 413 2347 ὅ(
440 2274 747 2368 superstitionibus
774 2273 841 2348 suis
865 2276 1088 2371 collegissem
1127 2279 1215 2349 Ideb
1241 2278 1489 2377 usurpationes

192 2429 219 2472 „
246 2375 305 2446 has
324 2371 463 2469 iegibus
481 2371 667 2466 abrogatas
686 2367 775 2461 esse,
791 2391 897 2467 atque
916 2395 1011 2444 nunc
1028 2374 1210 2446 decretum
1232 2372 1336 2467 serti,
1356 2377 1490 2471 utqui·

190 2526 217 2567 „
244 2467 388 2566 cunque
401 2469 609 2637 putatitiam
629 2468 725 2538 iilam
744 2465 991 2542 austoritatem
1004 2469 1154 2566 amplius
1165 2468 1222 2540 vel
1232 2472 1423 2564 agnoscere
1432 2470 1490 2542 vei

191 2622 218 2664 „
245 2569 336 2640 tueri
356 2591 397 2638 au
415 2591 454 2638 ua
472 2563 592 2636 fuisset
610 2565 646 2635 in
666 2560 835 2636 muidiam
854 2568 1075 2639 Praemunire
1092 2570 1144 2658 (c)
1171 2567 1390 2656 incurreret,
1407 2590 1488 2638 orn·

191 2720 219 2761 ‚,
245 2687 377 2760 nesque
395 2661 556 2734 Ministri
572 2662 707 2759 Regii,
727 2658 797 2756 qui
816 2664 962 2734 Positici
980 2662 1051 2757 quai
1071 2660 1312 2735 Ecclesrastici
1329 2662 1392 2736 sub
1410 2685 1489 2737 cer·

191 2816 219 2859 ‚,
245 2762 290 2834 tit
308 2761 449 2858 paenis,
476 2760 512 2830 in
531 2758 799 2854 transgressores
818 2758 940 2834 sedulo
959 2762 1190 2854 inquirerent.
1207 2813 1235 2854 „

239 2859 342 2931 Huic
353 2859 523 2947 Statuto,
542 2855 734 2928 addebatur
751 2854 869 2949 aliud,
887 2879 960 2953 quo
972 2858 1181 2955 privilegia,
1201 2857 1490 2956 dispensationes,

190 2955 366 3031 beneficia
391 2953 507 3027 etfim.
527 2951 694 3025 haetenus
712 2952 732 3024 a
750 2954 858 3027 Pont.
878 2956 953 3029 Ro.
972 2952 1110 3027 indulta
1128 2958 1246 3028 omnia
1263 2956 1492 3032 declaraban-

191 3075 251 3128 tur
277 3054 399 3145 irrita,
433 3074 523 3125 vana
550 3052 587 3126 δε
614 3051 747 3125 nullius
770 3052 923 3221 vallprlis,
958 3052 1196 3150 omnibusque
1214 3056 1491 3153 injungebatur,

1020 3226 1024 3232 ,
1424 3173 1491 3246 ut,

232 3332 282 3410 (a)
307 3330 372 3395 vid.
397 3327 579 3395 STRYPE
604 3325 795 3394 Memorials
819 3328 996 3394 Ecclefiast.
1020 3320 1120 3397 Tdm.
1138 3331 1165 3397 s.
1186 3329 1246 3396 soi.
1266 3326 1338 3394 286.
1355 3329 1420 3414 seq.

231 3429 285 3507 (b)
308 3425 531 3494 BURNET.
555 3431 577 3490 l.
596 3446 626 3493 c.
648 3427 792 3493 fosrao.

232 3522 284 3598 (c)
345 3528 416 3587 urle
441 3523 522 3586 illud
548 3519 583 3583 fit
607 3521 780 3622 statutum,
812 3519 1028 3602 Praemunire,
1052 3521 1097 3589 bis
1119 3524 1220 3589 verbis
1236 3522 1362 3608 exponit
1379 3520 1494 3608 Rapite.

192 3596 652 3749 {reignirldtxilriioxdrldm’
671 3606 732 3675 111.
755 3629 763 3670 r
786 3603 850 3669 sam
861 3622 936 3750 pag.
955 3621 1025 3700 335.
1047 3603 1219 3704 Lessarrfe,
1243 3609 1300 3703 qui¹
1309 3607 1365 3686 fue
1381 3602 1500 3692 appell!
1574 3684 1582 3699 .

398 3734 407 3766 ,
615 3735 626 3767 ,
665 3711 723 3777 que
793 3690 1032 3833 'quequesujet
1055 3690 1096 3752 dre
1121 3690 1180 3787 Rae
1200 3705 1316 3777 portora
1339 3689 1413 3753 dans
1436 3709 1497 3816 ung

192 3788 265 3828 cour
288 3781 452 3911 asangm·
472 3768 522 3830 des
547 3770 666 3915 ‘sus‘sf
698 3773 769 3835 dont
804 3795 823 3834 a
844 3770 1047 3870 connnrffance
1062 3788 1203 3924 alaram!
1216 3796 1283 3837 aux
1298 3769 1494 3921 Jngesssejg¹¹
1536 3890 1540 3899 ι

189 3871 319 4023 gagg&
348 3852 446 3932 seron
469 3851 636 3936 emprrsann
663 3901 682 3977 ,¹
704 3854 746 3928 ἐς)
763 3855 820 3937 [οη
842 3857 911 3921 bren
933 3855 1066 3948 confisqrr
1090 3878 1147 3960 ‘ere
1164 3857 1260 3946 profit
1283 3856 1320 3920 de
1375 3876 1415 3933 n,
1448 3868 1495 3917 c.
