3322 4456
65 310 72 321 ‘'
118 299 380 390 LentiiAve'ni
460 297 501 376 R
548 295 582 374 Ε
631 294 674 370 Ν
724 292 763 368 O
813 289 929 368 v‘rt
978 294 1016 370 'l'
1067 295 1099 371 t.
1375 319 1424 397 *23

117 434 179 510 bet
204 431 299 530 ipie',
329 432 364 503 in
382 427 441 503 sua
459 426 502 499 ad
521 425 701 518 inclytum
722 422 891 493 Senatum
911 418 1186 496 iiisuntinensem
1208 419 1421 520 prefatione

118 529 295 631 prtemiisa
321 530 398 624 ejus
425 521 687 599 commentario
717 519 752 586 in
782 514 924 623 Michae
953 521 1207 610 prophetiam,
1243 522 1305 594 ubi
1331 526 1425 596 inter

118 631 208 719 uiia,
244 678 270 718 „
292 624 430 696 videns
456 622 591 718 igitur,
626 611 774 698 scribit,
798 609 896 702 quod
915 633 950 678 tn
967 635 1006 681 ea
1024 614 1132 706 urbe,
1159 618 1217 706 (de
1237 622 1323 693 urbe
1341 624 1421 695 Me·

119 775 147 820 „
172 731 254 818 ronst
281 720 459 816 loquitur)
487 739 558 788 tam
579 729 706 804 regnet
725 709 888 802 impietas
909 759 917 776 .
939 758 947 776 .
967 759 976 775 .
997 760 1006 776 .
1024 709 1147 782 ceiiare
1165 720 1208 784 ab
1226 720 1273 789 eis
1293 719 1422 814 debui,

118 873 147 915 „
171 821 342 918 quoniam
368 815 520 886 verbum
551 805 703 880 Domini
730 804 966 899 pepulerunt,
1001 804 1038 875 &
1056 807 1096 872 ad
1116 807 1197 878 altas
1215 816 1317 886 urbes
1335 816 1420 889 scri.

120 969 149 1010 „
174 917 281 1001 bere,
315 933 395 1005 quae
423 906 504 979 sunt
534 904 705 977 Domini:
741 902 773 972 E
801 899 930 996 quibus
957 899 1114 994 primum
1134 909 1243 974 tuenti
1261 916 1421 989 occurrit

120 1020 149 1108 „
174 1007 392 1110 Bisrrotium,
427 1002 512 1076 urbs
537 1023 665 1098 magna
683 1019 834 1093 potens,
859 998 1017 1090 inclyta,
1043 998 1236 1069 comitatus
1254 1002 1449 1101 Burgum·

121 1150 149 1203 5,
175 1108 245 1180 diac
282 1105 428 1201 prima,
471 1095 765 1173 Christianiffimn
800 1103 1056 1192 Argentorato,
1092 1094 1237 1189 reliquis
1262 1099 1423 1191 piuribue

119 1256 147 1301 „
173 1205 339 1279 vicinior.
388 1198 553 1294 Urgebat
580 1196 661 1268 iden
688 1195 878 1266 vehemens
905 1193 1083 1287 Spiritus,
1117 1214 1158 1264 ut
1177 1195 1320 1288 quando
1342 1200 1427 1272 Me.·

117 1352 145 1400 ,‚
172 1301 285 1377 tenses
308 1296 343 1371 se
368 1298 534 1391 indignor
558 1293 696 1366 faciunt
715 1291 841 1364 Verbo
861 1289 1037 1385 Domini,
1063 1291 1105 1362 ad
1125 1314 1188 1363 vos
1208 1314 1423 1390 convertar,

115 1453 144 1496 „
170 1416 388 1489 aeternaeque
405 1393 525 1467 saiutir
541 1392 685 1488 eloquia
700 1388 744 1462 ad
762 1413 828 1460 vor
844 1389 999 1459 mittam.
1040 1389 1260 1463 Provocavit
1277 1416 1325 1487 qu
1379 1418 1424 1468 ue

117 1549 148 1591 „
172 1489 434 1583 menonniitii,
470 1487 593 1586 quod,
618 1508 692 1584 ego
709 1485 781 1580 ipse
801 1484 937 1557 tametsi
951 1488 1139 1559 Avenione
1157 1509 1279 1580 natus,
1306 1514 1353 1562 no
1388 1517 1425 1566 m

56 1615 60 1622 ·
117 1642 145 1688 „
171 1609 417 1667 verumtamen
437 1586 595 1680 familia,
619 1607 665 1658 ex
682 1581 913 1680 Burgundio,
939 1605 1069 1677 nempe
1085 1606 1129 1654 ex
1150 1586 1331 1680 Orgeleto
1348 1593 1422 1662 ori·

114 1732 143 1787 tr
169 1691 291 1791 ginem
318 1686 440 1760 traxit.
469 1740 478 1759 .
506 1739 515 1756 .
640 1679 797 1755 Afficior
820 1681 979 1752 omnium
999 1679 1124 1772 saluti,
1149 1679 1207 1754 sed
1226 1685 1422 1776 praesertim

113 1839 144 1886 ‚,
169 1809 333 1866 meorum
360 1781 639 1884 Burgundorm,
678 1779 820 1852 interim
849 1799 1081 1851 veruntamen
1108 1780 1259 1875 cupiens
1276 1785 1422 1858 anathe-

115 1938 144 1982 ,‚
169 1909 227 1958 mu
253 1883 331 1959 fieri
361 1906 428 1981 pro
453 1881 543 1955 meir
570 1878 872 1974 Auenionrnstber,
900 1877 960 1973 qui
980 1876 1043 1948 sub
1062 1877 1277 1951 Antichristi
1294 1877 1423 1955 summi

116 2033 144 2079 „
170 1983 363 2079 imperium
389 1981 542 2071 vivunt,
578 1979 615 2052 δε
641 1999 708 2073 pro
726 1970 969 2048 infeliciiiimis
987 1976 1211 2072 Metenſshus,
1229 1978 1291 2071 qui
1310 1977 1422 2052 Sane·

114 2133 144 2177 „
169 2099 248 2155 tum
271 2081 342 2153 Dei
361 2076 525 2149 Verbum
543 2075 588 2146 ad
605 2100 666 2148 eos
683 2073 825 2148 miffum
845 2093 918 2145 tatn
939 2071 1040 2145 foedc
1058 2075 1285 2171 pepulerunt.
1304 2125 1331 2167 „

166 2179 309 2253 Habuit
333 2172 693 2271 Laudemus,
720 2171 874 2243 natuietn
891 2171 1015 2242 urbem
1035 2177 1262 2264 Auctionem,
1287 2171 1423 2246 ibidem

64 2309 68 2315 ν
119 2290 223 2342 nutus
251 2272 298 2336 Α.
313 2262 418 2355 1487.
452 2272 574 2355 patre,
598 2263 787 2364 legationis
805 2265 1012 2340 Pontifieiae
1032 2269 1069 2339 &
1087 2270 1212 2361 ‘palatii
1229 2291 1270 2343 ut
1289 2291 1424 2344 vocant

119 2362 331 2463 Apostoiici
351 2360 574 2442 Secretario,
609 2357 706 2448 quod
726 2356 798 2450 ipsc
816 2361 852 2429 in
870 2362 1094 2436 dedicatione
1113 2371 1361 2440 commentarii
1379 2369 1424 2443 de

119 2464 296 2558 conjugio
315 2454 486 2545 testatur,
512 2450 532 2523 ὲ
551 2448 706 2543 familia,
734 2476 815 2548 quae
833 2478 876 2525 ex
897 2459 1126 2554 Burgundio,
1143 2484 1273 2555 nempe
1290 2489 1335 2537 ex
1346 2467 1422 2540 Or.

121 2558 245 2663 goieto
272 2552 455 2648 originem
481 2551 601 2621 traxit.
651 2550 759 2620 Anno
788 2552 903 2622 atatis
921 2553 1062 2624 decimo
1082 2557 1232 2647 quinto,
1259 2582 1341 2631 cum
1359 2589 1422 2657 pr.

119 2674 175 2728 tre
192 2657 260 2746 jam
280 2655 319 2748 in
337 2648 466 2719 reneiia
482 2667 588 2718 aetate
605 2646 754 2721 orbatus
769 2646 875 2740 effer,
900 2648 1033 2724 ordinis
1051 2650 1423 2733 MinoritarumMo.

117 2749 288 2841 austerio,
324 2744 422 2842 quod
443 2746 630 2818 Avenione
644 2745 721 2836 est,
744 2743 777 2816 fe
797 2746 1035 2841 mancipavit,
1063 2772 1211 2824 externa
1228 2751 1422 2831 irretitam

116 2848 232 2948 speeie
249 2848 435 2942 deceptus.
462 2844 596 2938 Neque
614 2863 734 2916 tamen
749 2867 787 2915 ea
805 2841 874 2916 fuit
895 2845 1123 2920 Monachaiis
1142 2853 1214 2922 vita
1232 2851 1422 2945 diuturna,

116 2949 251 3044 quippe
277 2967 361 3016 cum
388 2944 510 3038 agnita
537 2942 684 3038 propius
712 2944 861 3014 veritate
893 2944 1138 3042 Evangeiica,
1175 2940 1220 3021 δι’
1240 2949 1424 3046 perspeeir

116 3041 298 3144 hypocrifi
327 3041 461 3136 pariter
488 3058 595 3134 atque
622 3040 806 3135 impietate
835 3043 1032 3135 Papistiea,
1066 3046 1182 3117 eidem
1206 3046 1347 3140 prorsus
1367 3073 1424 3122 re·

116 3140 363 3229 nunciaverit,
385 3139 422 3209 in
442 3136 670 3209 Germaniam
690 3134 724 3210 se
742 3134 949 3231 conferens,
967 3141 1029 3212 ubi
1051 3142 1199 3231 posthac
1218 3140 1351 3238 scripto
1372 3146 1421 3237 (a)

92 3279 96 3284 ·
119 3239 308 3336 singulari,
343 3236 516 3325 rationes,
552 3254 704 3331 propter
729 3257 813 3327 quas
841 3236 1098 3307 Minoritaru'm
1118 3237 1424 3314 conversationem

114 3341 350 3433 habitumque
378 3333 563 3426 rejecerit,
593 3327 785 3400 edisseruit.
836 3330 897 3401 Sic
923 3331 1036 3425 igitur
1062 3330 1278 3406 Lambertus
1303 3328 1423 3414 noster

119 3440 163 3508 A.
188 3453 292 3532 ¹52²·
328 3431 475 3527 reliquit
503 3428 693 3514 Galliam,
730 3424 792 3496 ubi
816 3427 896 3521 jam,
920 3429 1134 3502 annunciare
1161 3430 1424 3532 Evangeiium,

121 3531 272 3606 Lutheti
300 3529 411 3603 libros
433 3529 572 3629 legere,
600 3529 636 3601 &
655 3524 731 3596 aliis
750 3527 999 3601 commendare
1017 3548 1237 3624 tentaverat,
1264 3556 1352 3632 quos
1371 3557 1423 3609 ta·

1343 3659 1425 3709 mett

164 3772 214 3868 (a)
239 3764 337 3851 Quod
360 3773 509 3854 seriptum
535 3772 612 3836 inter
638 3770 849 3838 Documenta
871 3771 943 3837 ituic
959 3774 1044 3857 operi
1060 3774 1195 3841 subnexa
1210 3776 1258 3841 N.
1278 3781 1339 3845 iV.
1366 3784 1426 3865 legi

120 3859 288 3920 voluimus
313 3874 351 3921 er
376 3854 714 3925 SCHELHORNII
740 3853 900 3925 Amoenit.
925 3855 1057 3924 Litetar.
1082 3860 1185 3927 Tom.
1211 3862 1273 3926 tv.
1306 3885 1335 3946 p.
1355 3882 1425 3946 3¹²·

119 3941 184 4028 seq.
204 3954 277 4023 324.
