3322 4456
229 303 273 394 ῃ
431 282 816 365 HISTORIA
858 283 1303 368 EVANGELH
1371 296 1536 378 Fatellus‘

226 415 335 513 spitio
348 411 595 513 exceperunt,
630 413 750 487 necin
769 411 895 508 urbem
915 412 1144 492 admiserunt.
1192 421 1358 497 Tandem
1377 426 1528 523 auditis,

226 514 428 609 responsum
456 515 578 603 darum
604 511 654 585 est
680 511 841 603 nullum,
878 513 975 606 quod
996 515 1165 610 Senatus,
1191 537 1233 590 ut
1251 519 1441 617 dicebant,
1467 549 1532 622 per

228 612 361 706 pellem
383 631 469 683 tunc
488 613 572 707 cogi
589 633 660 681 non
680 607 806 705 poffet.
835 607 923 682 lnde
939 610 982 680 ad
1003 610 1177 686 Caesarem
1199 640 1251 688 res
1269 619 1405 712 delata,
1424 626 1531 718 cujus

224 707 321 804 jussu
341 707 568 781 interdidtum
588 708 608 780 d
626 706 745 780 senatu
766 706 904 780 civibus
925 706 1016 801 suit,
1034 732 1078 781 ne
1096 715 1305 810 cuiusquam
1326 717 1530 793 interessent

228 805 397 973 qoncioni
418 810 491 900 (a),
524 806 587 903 qui
613 827 687 878 non
714 800 887 899 Episcopi
914 805 1153 882 &tredecim
1181 834 1339 892 virorum
1360 816 1531 890 mandatu

255 923 386 974 ocerer.
530 973 534 984 ,,
1490 933 1493 936 “

279 999 463 1097 Digressus
491 1000 610 1094 itaque
637 996 719 1068 inde
746 992 935 1088 Farellus,
968 996 1086 1070 denuo
1114 997 1147 1073 se
1171 1021 1292 1079 totum
1322 1009 1533 1106 Neocomenfi

228 1095 402 1178 Ecclefiae
431 1095 670 1190 mancipavit,
701 1092 737 1161 in
757 1115 825 1186 qua
842 1092 1030 1186 diligentia
1047 1096 1084 1167 ὅτ
1103 1097 1182 1169 zelo
1204 1101 1391 1197 fingulari,
1415 1111 1532 1205 'usque

228 1196 271 1267 ad
297 1217 494 1269 extremam
521 1188 736 1264 senestutem
766 1186 830 1258 fidi
859 1187 1007 1282 palloris
1034 1188 1195 1261 officium
1223 1198 1362 1268 obivit:
1391 1203 1532 1300 Saepius

228 1291 315 1364 vero
349 1295 454 1364 etiam
490 1289 647 1376 interea,
690 1284 825 1378 quippe
861 1285 922 1379 qui
958 1283 1119 1357 Geneva¹
1146 1289 1234 1359 adeo
1261 1291 1402 1367 vicinus
1432 1321 1529 1395 erat,

227 1389 413 1465 Genavam
441 1383 622 1475 excurrit,
657 1379 719 1452 ubi
747 1383 933 1473 Calvinus,
966 1381 1075 1456 altera
1096 1384 1176 1457 vice
1194 1408 1381 1484 receptus,
1409 1392 1529 1468 Evan-

226 1485 363 1582 gelium
381 1479 616 1554 annunciabat
627 1512 640 1567 5
663 1478 720 1550 lbi
739 1501 846 1571 vero,
866 1480 964 1576 quod
981 1477 1102 1553 denub
1122 1485 1446 1579 vituperationibus
1461 1493 1530 1567 ob·

227 1581 356 1652 noxius
377 1578 490 1672 ⁴fuerit
518 1599 625 1674 atque
650 1573 931 1665 afflistionibus,
966 1600 1052 1672 quas
1078 1578 1210 1674 ingrati
1240 1584 1466 1661 Genevenses
1492 1592 1538 1664 in·

226 1700 307 1749 eum
328 1675 593 1773 conjiciebant,
624 1674 813 1769 colligitur
830 1696 874 1745 ex
893 1674 1140 1767 Joh.·Calvirrr‘
1158 1677 1201 1748 ad
1219 1680 1420 1774 Tigurinos
1439 1684 1530 1780 Epi·
1594 1720 1601 1733 ·

226 1774 337 1866 stola,
362 1798 443 1871 quae
464 1776 512 1845 ita
531 1771 563 1843 se
582 1769 700 1843 habet.
1623 1785 1629 1792 “

274 1922 301 1964 ,,
327 1872 425 1944 Cum
454 1871 513 1942 hic
539 1892 654 1966 nuper
679 1865 763 1940 esset
789 1867 914 1940 Frater
939 1866 1058 1941 noster
1084 1868 1264 1964 Farellus,
1289 1872 1360 1964 cui
1379 1874 1413 1949 se
1429 1893 1529 1954 totos

225 2022 254 2063 „
281 1967 435 2061 debent,
471 1962 512 2039 ut
538 1966 617 2039 satis
640 1963 769 2056 nostis,
806 1962 1054 2056 Genevenses,
1088 1966 1125 2039 &
1143 1991 1210 2064 pro
1224 1972 1307 2064 jure
1325 1969 1387 2043 suo
1404 1997 1465 2048 eos
1483 1976 1529 2049 li·

225 2065 362 2160 „bere
389 2084 573 2157 moneret,
609 2083 727 2137 tantus
750 2065 786 2133 in
805 2084 886 2134 eum
906 2061 1007 2134 furor
1023 2063 1176 2157 exarsrt,
1202 2086 1244 2140 ut
1262 2069 1415 2164 capitale
1427 2068 1533 2167 judi·¹
1562 2096 1564 2102 ⁴

225 2216 252 2258 „
279 2164 376 2235 cium
395 2164 431 2234 in
449 2185 529 2234 eum
549 2164 723 2236 intentare
741 2183 815 2232 non
837 2159 904 2233 fint
923 2160 1041 2232 veriti.
1076 2161 1162 2233 Scio
1179 2164 1370 2260 equidem,
1393 2189 1530 2246 novum

224 2314 254 2358 ‚,
279 2284 351 2333 non
368 2259 497 2333 debere
516 2258 650 2351 videri,
679 2257 702 2330 fi
723 2257 944 2352 reperiantur
961 2258 998 2330 in
1017 2255 1106 2330 urbe
1123 2257 1234 2334 libera
1252 2260 1390 2337 fastiofi
1410 2266 1531 2341 homi·

224 2413 252 2455 „
278 2382 359 2450 nes,
396 2360 457 2457 qui
477 2361 597 2432 turbas
615 2357 824 2442 concitenta
855 2355 924 2431 Sed
943 2355 1162 2455 deploranda
1180 2358 1231 2431 est
1251 2361 1401 2436 Senatus
1419 2363 1531 2438 nostri

164 2461 167 2464 ’
224 2512 252 2555 ,‚
263 2457 454 2551 coecitas,
487 2458 586 2556 quod
613 2454 786 2530 libertatis
812 2453 884 2528 suae
911 2455 1076 2545 Patrem,
1113 2454 1150 2527 &
1170 2456 1310 2530 Patrem
1330 2459 1437 2556 hujus
1457 2461 1531 2535 Ec-

226 2611 254 2653 „
281 2555 422 2651 clesrae,
443 2553 506 2628 fibi
526 2580 625 2629 reum
646 2553 759 2628 causae
779 2552 962 2646 capitalis,
983 2553 1080 2626 mitti
1096 2549 1116 2622 a
1131 2553 1447 2631 Neocomensrbus
1462 2573 1530 2656 po·

223 2706 251 2747 „
275 2656 405 2749 poscit.
451 2655 619 2726 Dedecus
647 2655 753 2747 hujus
782 2651 879 2721 urbis
906 2650 1066 2746 proferre
1084 2672 1223 2740 cogor,
1249 2657 1346 2745 quod
1362 2654 1532 2744 sanguine
1571 2701 1575 2709 ·

225 2801 253 2842 „
279 2770 359 2818 meo
377 2747 493 2817 delere
511 2770 693 2837 cuperem.
708 2795 736 2833 „
1144 2786 1145 2790 =

272 2843 334 2919 De
352 2843 491 2938 reliquo
503 2838 660 2913 Farellus
678 2836 820 2928 noster,
839 2835 961 2931 paucis
978 2831 1171 2907 admodum
1181 2836 1287 2910 editis
1296 2836 1531 2936 scriptissb),

1437 2963 1531 3014 asino

255 3086 316 3168 (a)
342 3082 435 3156 Hanc
453 3079 531 3145 verb
549 3076 678 3144 causam
694 3077 838 3158 deinceps
855 3074 893 3139 ad
911 3073 1044 3141 Annum
1059 3078 1150 3157 1542.
1168 3077 1290 3160 plenius
1306 3081 1539 3151 enarrabimus.⁸

267 3172 319 3252 (b)
346 3167 429 3233 Inter
450 3187 485 3231 ea
501 3163 677 3228 recensetur
695 3159 806 3240 Descri
827 3160 869 3221 rio
894 3157 979 3224 illius
995 3160 1176 3224 Collationr's
1191 3162 1374 3243 Bernensts3
1390 3168 1531 3247 summa·

225 3258 327 3333 rium,
361 3253 423 3316 five
447 3246 779 3314 Declaratioomnibus
826 3241 1173 3328 hristianisnereffaria.
1217 3244 1313 3311 Liber
1331 3251 1369 3313 de
1386 3251 1417 3314 S,
1436 3254 1531 3315 cm

226 3340 356 3403 Domini
382 3335 474 3400 nostrl
500 3335 529 3414 J.
550 3331 590 3397 C.
613 3330 745 3412 ejusque
763 3321 962 3412 Testamenta.
1006 3329 1138 3392 Gladius
1154 3329 1290 3416 Spiritus
1306 3335 1452 3414 adversus
1470 3339 1530 3398 evi

225 3426 290 3506 ejas
315 3411 490 3485 Liberriios
515 3418 575 3482 &c
621 3413 741 3496 Neque
759 3433 835 3477 vero
852 3414 984 3479 dubium
1001 3415 1059 3491 esi,
1088 3413 1165 3497 quiu
1183 3415 1250 3494 ejus
1268 3417 1425 3498 epistola,
1451 3439 1531 3499 qua·

225 3527 297 3572 rum
323 3508 472 3586 iutegrarn
500 3503 529 3565 se
553 3497 705 3563 asservare
729 3498 913 3580 sartaginem
939 3497 1091 3581 professus
1116 3495 1158 3559 est
1186 3517 1216 3560 v.
1244 3497 1299 3563 Cl.
1327 3501 1406 3564 Aba.
1432 3499 1530 3568 RU-

226 3588 406 3669 CHAT,
432 3585 574 3650 Historia
593 3582 837 3647 Resormationis
857 3583 1031 3646 Helveticae
1049 3581 1195 3645 conditor
1210 3583 1445 3665 solertissimus,
1466 3588 1532 3651 ani·

130 3689 135 3699 '
225 3694 317 3740 mum
344 3671 411 3752 ejus
431 3673 469 3735 ad
487 3669 595 3733 omnia
612 3672 695 3730 mala
712 3681 833 3748 propter
851 3664 1010 3730 Christum
1029 3666 1059 3729 ἃ
1077 3663 1144 3746 ejus
1163 3667 1322 3730 veritatem
1338 3669 1532 3751 perpetienda

225 3759 451 3828 obfirmatum,
476 3753 564 3818 uobis
581 3751 760 3826 exhibeant,
777 3769 855 3815 cum
871 3751 901 3814 id
919 3754 970 3813 vel
987 3769 1024 3813 ex
1042 3749 1147 3832 paucis
1166 3751 1354 3832 quibusdam
1372 3753 1536 3836 fragmen.

226 3845 263 3907 ris
288 3842 303 3903 d
333 3838 525 3904 Doslissrmo
551 3835 698 3899 Rucharo
720 3835 789 3901 binc
807 3834 877 3898 inde
893 3835 954 3898 sua
971 3831 1144 3900 tradatiom
1161 3849 1313 3919 tanquam
1330 3838 1463 3903 totidem
1481 3843 1531 3903 ln·

225 3928 360 3995 minibus
375 3923 516 4006 iusertis,
535 3919 739 3986 collucescat.
