3322 4456
152 300 317 403 ama
482 233 1117 383 annotari
1400 292 1447 397 n

144 474 175 520 „
199 451 273 521 quo
300 426 335 499 in
352 421 437 501 loco
458 423 641 498 Gulielmas
658 411 943 494 FARELLUS
962 439 1044 490 cum
1061 419 1137 494 aliis
1154 416 1335 495 nonnullis
1353 417 1443 496 fide·

145 573 173 616 „
199 525 292 598 libus
311 524 383 596 Dei
401 519 568 594 ministris
588 514 827 621 Evangelium
847 509 930 583 vere*
948 513 1108 608 profiteri
1126 539 1308 615 coeperat,
1327 519 1444 592 maxi·

144 670 172 714 ‚,
198 644 260 693 mo
288 641 390 691 motu
417 641 460 691 ac
486 617 647 690 tumultu
670 612 961 698 canonicorum,
987 607 1276 706 Presbyterorum
1296 619 1332 692 δι
1354 616 1444 696 Μο·

144 764 172 808 ,,
198 717 395 789 anchorum
407 716 501 811 ‚‚qui
520 733 598 784 tum
617 707 667 779 ibi
677 704 847 778 summam
859 724 975 776 rerum
986 707 1145 778 omnium
1155 712 1365 803 potestatem
1377 735 1442 812 ge.

144 861 173 903 ‚‚
199 815 336 884 rebant.
383 812 557 905 Qrorum
579 804 741 876 omnium
759 798 985 874 insedatione
1002 822 1207 877 commotus
1224 808 1443 901 potiilrmum

147 957 174 1000 ‚,
201 910 413 994 Alexander,
440 902 529 975 urbe
546 900 692 992 cedere,
716 919 832 993 eoque
849 897 959 970 modo
976 895 1078 970 saluti
1096 897 1166 971 suae
1184 903 1364 976 consulere
1381 932 1444 980 co·

148 1053 176 1097 ,‚
201 1004 316 1099 gitur.
366 1003 493 1098 ltaque
519 995 696 1096 profectus
712 1019 776 1094 per
792 996 978 1092 Sagaſsrnn
995 995 1031 1066 in
1052 995 1231 1089 Galliam,
1257 1002 1355 1071 venit
1373 1004 1445 1076 Ca·

148 1148 176 1194 ,‚
202 1099 378 1172 iiilionrm
408 1099 569 1172 Ducatus
588 1095 854 1168 Borboniorum
872 1092 1070 1191 oppidum,
1098 1091 1252 1191 indeque
1271 1097 1447 1171 Matisco·

145 1246 176 1291 ”
201 1189 1447 1391 bilr’giilibllil‘illigabitxlilllz⁶-³⁸l;ii²izlz2

146 1343 174 1389 n
1154 1344 1163 1362 ·
1431 1343 1445 1389 a

144 1440 174 1488 „
200 1411 241 1464 ut
257 1413 373 1487 neque
391 1413 465 1463 rem
482 1389 591 1462 ullam
607 1385 726 1478 suam,
760 1408 876 1484 neque
892 1384 972 1458 sane
988 1387 1099 1459 vitam
1117 1386 1290 1486 respicere
1308 1390 1448 1465 videre·
1573 1460 1577 1471 ,

144 1536 175 1584 ‚,
201 1507 273 1560 tur.
320 1488 477 1585 Lugduni
502 1485 646 1584 quidem
674 1482 796 1557 fideles
819 1504 943 1595 omnes
960 1484 1118 1597 quintum
1134 1487 1300 1582 aderant,
1326 1487 1449 1564 horta·

93 1658 95 1662 ¹
144 1637 173 1715 ²²
197 1583 708 1758 &insuadibiliter
720 1586 1451 1775 {utibilisnubilabat

142 1730 172 1879 ζ
197 1706 445 1880 frequentabis
466 1779 690 1855 auditoribus
708 1775 919 1877 quibusdam
937 1775 1166 1871 aurificibus,
1191 1781 1254 1874 qui
1275 1779 1450 1879 Lugduni

143 1929 173 1976 „
198 1898 277 1952 tum
304 1880 503 1954 habitantes
524 1879 559 1954 ei
584 1879 735 1979 negotio
761 1899 835 1949 oon
858 1873 1061 1950 intereffent
1077 1894 1240 1969 tanturn,
1265 1877 1450 1958 sedetiam

144 2021 175 2072 „
201 1975 339 2050 bomini
356 1979 492 2075 praeilb
510 1976 648 2076 semper
663 1970 867 2049 existerent.
912 1971 987 2046 Vix
1004 1986 1122 2048 autem
1141 1975 1192 2047 ibi
1209 1975 1344 2050 diutius
1362 2000 1450 2077 ege·

143 2119 173 2168 ‚,
197 2093 272 2166 rut,
305 2096 391 2148 cum
420 2074 584 2147 Praefeui
608 2074 829 2168 judiciorum
851 2070 947 2144 illius
964 2071 1149 2164 eccleiiae,
1175 2071 1259 2146 fatti
1278 2078 1451 2155 certiores

145 2168 314 2262 „ipsum
338 2172 674 2260 comprehendunta
709 2166 1002 2260 comprehensum
1023 2166 1044 2241 ὲ
1063 2171 1215 2266 vestigio
1233 2170 1314 2265 post
1333 2195 1452 2256 morte

148 2309 178 2356 „
201 2259 447 2331 meridiandum
475 2260 640 2344 censente
665 2281 844 2355 provocat
862 2266 1076 2338 Alexander:
1102 2267 1285 2340 Lutetiam
1301 2268 1451 2351 adduci·

24 2354 29 2361 '
147 2384 175 2454 ,‘,
201 2375 281 2430 tur:
308 2354 438 2452 sapius
452 2357 497 2428 ad
515 2353 749 2453 questionem
769 2353 944 2451 abripitur
960 2358 1098 2455 impetu
1115 2381 1237 2449 tanto,
1263 2381 1305 2436 ut
1320 2363 1451 2440 effrac-

31 2486 33 2490 ⁴
148 2504 177 2551 „
201 2474 244 2528 to
268 2453 413 2528 demum
440 2474 546 2526 crure
570 2452 683 2527 altero
708 2450 953 2542 exclamaret,
985 2458 1005 2527 i
1031 2459 1126 2528 Deus
1135 2465 1152 2529 !
1173 2530 1175 2536 ,
1179 2456 1350 2552 postquam
1374 2463 1452 2552 isto·

149 2601 175 2648 ‚,
198 2576 275 2626 runt
300 2555 408 2625 animi
431 2550 654 2647 misericordia
680 2552 809 2623 moueri
832 2566 1016 2644 nequeunt,
1050 2568 1087 2620 at
1113 2554 1291 2648 respexeris
1316 2553 1382 2649 ipse
1405 2582 1456 2635 nte

149 2699 175 2745 „
200 2651 300 2724 Deus
313 2649 516 2748 ‘misericrrn
566 2649 652 2722 Nec
676 2646 805 2720 desunt
829 2646 891 2743 qui
911 2644 1085 2720 testentur
1100 2649 1325 2747 gemebunda
1342 2674 1384 2724 ac
1403 2654 1453 2729 la·

146 2797 176 2845 ‚,
198 2747 385 2821 mentabili
419 2768 511 2819 voce
544 2745 672 2819 dixisse
704 2765 851 2841 quoque
884 2742 1018 2834 illum,
1059 2748 1258 2844 Numquis
1283 2750 1457 2834 Gamalirl

148 2899 177 2942 „
197 2847 358 2938 tandem,
390 2849 448 2944 qai
471 2847 663 2944 mitigandae
688 2858 796 2916 tante
820 2844 1031 2916 crudelitatis
1055 2861 1155 2942 atque
1173 2847 1322 2941 sevitie
1347 2851 1453 2929 naun

150 2994 178 3039 „
198 2947 290 3040 apud
322 2945 398 3038 istos
431 2942 594 3040 quarrati
638 2939 732 3016 Sani
758 2959 892 3014 tantam
918 2960 1065 3038 tamque
1089 2944 1326 3019 excellentem
1352 2944 1452 3032 sancq

149 3092 178 3136 „
202 3040 321 3116 tiilrmi
355 3040 425 3113 viri
451 3042 489 3112 in
516 3040 615 3112 omni
639 3060 768 3137 genere
792 3038 1000 3135 patientiam
1020 3038 1058 3115 δι
1075 3043 1355 3137 aequabilitntem
1374 3049 1452 3120 ani·

148 3189 179 3232 „
204 3143 275 3232 mi,
302 3159 413 3233 quum
441 3136 629 3232 praesentes
646 3160 768 3211 omnes
784 3135 1075 3225 admirabantur5
1101 3158 1179 3211 turn
1199 3142 1343 3233 quidem
1363 3164 1454 3221 unus

152 3255 181 3331 ᾗ,
206 3256 353 3332 propter
375 3236 545 3308 eximiam
564 3237 641 3328 ejus
655 3234 897 3307 eruditionem
916 3233 956 3306 δι
974 3234 1230 3307 authoritatem
1246 3230 1355 3309 ratde
1371 3262 1453 3334 gra·

151 3384 178 3428 „
200 3331 342 3426 tiosu's,¹
359 3332 487 3426 Num,
513 3333 653 3428 inquit,
676 3328 728 3402 sat
746 3328 914 3402 hedenus
931 3329 970 3400 in
987 3329 1151 3403 miserum
1171 3333 1268 3406 hunc
1286 3332 1452 3415 saevitum

154 3463 181 3521 a,
203 3430 280 3504 est?
306 3454 392 3504 num
411 3431 638 3505 cruciatuum
654 3424 803 3500 istorum
820 3427 900 3521 plus
917 3423 997 3501 satis
1013 3429 1242 3504 adhibitum?
1268 3432 1353 3531 Ego
1399 3439 1454 3511 ui·

151 3537 186 3616 '„
209 3529 288 3598 dem
313 3527 387 3625 ipse
412 3552 485 3602 non
503 3530 610 3603 video
628 3525 715 3626 quid
733 3544 779 3597 ex
797 3546 842 3626 eo
860 3544 1033 3619 praeterea
1049 3526 1259 3626 expectare,
1285 3554 1358 3626 quo
1391 3558 1453 3608 um

155 3671 187 3717 ‚‚
212 3643 358 3718 pergere
384 3625 552 3700 debeatis.
600 3627 745 3699 Horum
772 3623 909 3695 bonore
925 3623 1116 3700 verborum
1136 3627 1273 3721 quievit
1293 3649 1453 3713 tormen,

157 3769 187 3815 „
214 3736 317 3803 ruma
349 3723 451 3814 quod
470 3723 608 3796 idcirco
625 3723 739 3796 fuerat
758 3720 923 3794 iteratum
942 3720 1093 3820 saepius,
1116 3745 1158 3800 ut
1179 3725 1313 3801 indices
1329 3729 1454 3826 expria

158 3854 185 3912 3,
211 3826 404 3893 merentur.
428 3820 601 3904 -Decuria
616 3841 694 3897 tota
710 3816 911 3993 Paiifienfia
926 3820 1126 3899 admirabili
1143 3825 1212 3903 viri
1229 3816 1453 3933 peribverana

154 3966 182 3980 ··
297 3964 302 3973 ·
738 3945 743 3952 ·
822 3937 846 3994 2
1352 3967 1382 4013 „
1406 3938 1457 3992 tta
