3322 4456
758 331 773 418 (
787 325 889 422 ¹53·)

174 454 259 549 Jota
285 449 482 547 reperitur,
508 445 607 545 quod
627 447 896 543 immorigerum
917 445 1180 541 &peccantem
1200 446 1424 543 quempiam,
1446 450 1470 518 e*
1571 476 1573 481 ’

177 555 273 647 regia
290 543 468 618 Potestate
486 544 632 615 eximat.

226 645 316 730 Non
342 640 392 730 est
417 662 505 733 ergo
532 640 628 732 quod
657 637 813 727 mireris,
851 636 875 708 sr
904 638 1191 734 delinquentem,
1216 655 1276 707 aut
1295 634 1469 710 Sacerdoi

177 759 270 829 tem,
306 757 365 809 aut
393 734 640 823 Monachum,
672 754 732 804 aut
761 732 1002 829 Episcopum,
1034 733 1211 826 supplicio
1227 728 1393 803 affeuum
1412 731 1471 819 vi·'

177 838 288 922 deris,
322 833 432 925 magis
453 853 558 923 quam
579 830 742 901 Laicum.
777 832 817 901 Si
833 834 956 901 malum
966 828 1087 924 feceris
1105 829 1237 922 (inquit
1256 825 1468 922 Apostolus)

176 939 255 1003 time
268 927 456 1020 potestatem
468 927 587 1019 gladii.
626 927 710 996 Hoc
728 925 821 995 enim
840 926 1026 1014 omnibus,
1053 924 1090 996 &
1109 924 1150 995 ad
1172 922 1326 1018 finguios
1344 942 1466 993 omnes

178 1026 349 1121 loquitur.
391 1024 488 1092 Nam
504 1025 538 1112 fi
562 1022 786 1115 deliqueritis,
809 1044 957 1118 quaenam
970 1025 1086 1116 gratia
1106 1020 1238 1114 (inquit
1259 1019 1306 1089 D.
1328 1014 1467 1103 Petras)

169 1113 585 1214 ficolaphisatisuffertr'r.
616 1138 628 1186 t
645 1117 721 1186 Pet.
742 1139 774 1187 ι.
800 1116 1114 1189 Conversationem
1133 1117 1245 1214 igitur
1260 1114 1388 1186 bonam
1407 1113 1472 1182 hair

181 1217 262 1287 bete
290 1214 437 1307 (inquit)
465 1234 508 1280 ne
535 1209 637 1280 vobis
662 1208 854 1282 derrettare
879 1210 1007 1306 poffint
1034 1210 1214 1301 homines,
1240 1230 1403 1306 tanquam
1423 1206 1470 1280 de

179 1306 476 1382 malesaRoribus.
510 1306 644 1380 Subditr'
659 1312 763 1403 igitur
779 1307 893 1401 grinte,
921 1310 992 1381 &a
1012 1307 1146 1401 inquit.
1180 1307 1237 1380 Ut
1257 1306 1361 1378 fimus
1377 1308 1469 1399 ergo

179 1407 278 1500 Regi
306 1405 342 1476 St
369 1402 443 1499 ejus
469 1400 662 1492 Potestati,
694 1404 769 1498 ejus
793 1405 955 1497 Legibus
973 1402 1102 1475 subditi
1122 1404 1156 1473 in
1175 1402 1361 1493 omuibus,
1387 1420 1470 1497 quoe

178 1504 221 1585 ad
242 1501 344 1597 hujus
362 1497 495 1570 Saeculi
516 1499 660 1591 negotia
678 1499 878 1591 pertinent,
903 1499 1045 1570 mandat
1064 1500 1163 1571 Deus
1181 1498 1263 1596 ipse.

227 1597 323 1666 Cum
340 1616 427 1687 ergo
446 1592 536 1664 hanc
556 1595 792 1667 saansaan
809 1593 1025 1666 Potestatem
1044 1593 1169 1667 babeat
1186 1596 1320 1686 aDeo,
1337 1612 1379 1665 ut
1393 1595 1470 1688 jam

179 1717 199 1763 a
227 1690 351 1764 Verbo
382 1689 461 1760 Dei·
477 1686 681 1781 accepistis,
715 1692 845 1761 mir‘um
873 1689 924 1762 est
944 1691 1097 1785 reperire
1116 1710 1187 1762 tam
1207 1689 1333 1762 stultos
1352 1690 1471 1760 homi·

179 1811 262 1877 nes,
295 1787 355 1880 qui
383 1785 479 1855 huuc
502 1787 641 1880 Regem
663 1787 850 1864 Suruomr
870 1787 1043 1858 Camars
1062 1787 1315 1884 Appellatione
1331 1785 1470 1874 ornari,

178 1896 349 1980 quantum
379 1884 413 1951 in
438 1882 488 1953 eis
512 1879 585 1971 est,
619 1905 692 1953 non
722 1881 859 1973 (inunt,
893 1883 930 1955 &
957 1904 998 1957 ut
1023 1908 1094 1956 non
1112 1885 1285 1980 recipiant
1303 1883 1383 1973 alii,
1408 1897 1471 1953 aut

181 1974 448 2074 imprudenter,
482 1998 543 2048 aut
561 1978 843 2072 impudenter&
863 1977 1038 2052 malevole
1056 1982 1292 2053 contendunt.
1335 1980 1473 2055 Nonne,

179 2074 332 2166 supremi
361 2072 499 2166 Capitis
525 2077 669 2145 nomine
694 2073 823 2168 dignus
849 2073 922 2163 est,
956 2078 1013 2146 cui
1034 2077 1110 2146 Soli
1130 2078 1165 2157 in
1181 2076 1306 2148 Terris
1324 2076 1404 2148 data
1420 2072 1484 2168 est,

178 2167 304 2238 Verbo
332 2167 425 2254 Dei,
452 2165 635 2260 illaquam
654 2167 808 2239 diximus
826 2166 986 2263 suprema
1003 2168 1184 2241 Potestas?
1199 2243 1204 2252 ,
1218 2169 1339 2242 Velim
1360 2173 1420 2262 qui
1439 2169 1473 2242 se
1564 2174 1568 2180 ’

177 2260 322 2338 Βοᾶοε
346 2258 582 2353 arbitrantur,
615 2284 720 2332 unam
747 2261 850 2333 aliam
876 2264 1091 2334 Potestatem
1118 2261 1299 2354 proferant
1324 2264 1344 2335 ὲ
1370 2263 1473 2336 sacris

179 2359 336 2449 Literis,
371 2378 450 2452 quae
468 2352 570 2449 possit
589 2356 672 2426 huic
691 2357 835 2449 aequari.
876 2355 982 2428 Hanc
1000 2381 1088 2452 ergo
1106 2357 1321 2432 Potestatem
1342 2359 1475 2433 babent

181 2457 304 2551 Reges
329 2452 372 2525 ab
398 2451 473 2549 ipso
501 2450 605 2540 Deo,
630 2452 699 2544 q'us
714 2453 870 2549 Minrflri
884 2453 981 2544 fiant,
1006 2450 1048 2523 ab
1067 2475 1110 2525 eo
1128 2457 1210 2546 mrffi
1222 2455 1321 2545 sarna,
1349 2462 1408 2548 (ut
1423 2455 1474 2528 ait

181 2552 232 2624 D.
252 2553 376 2623 Petrus
393 2551 430 2622 in
448 2545 567 2643 priore
583 2548 682 2632 loco)
704 2546 832 2644 ejusque
850 2551 891 2621 V
887 2555 985 2622 icarii
993 2547 1088 2643 sunt.
1127 2553 1263 2622 Omnes
1280 2571 1368 2645 ergo
1387 2552 1473 2624 huie

179 2644 353 2719 Potestati
370 2644 536 2716 obediant
554 2641 689 2716 necesse
704 2644 776 2733 est,
795 2646 855 2737 qui
875 2645 1002 2715 volunt
1020 2643 1087 2716 effe
1104 2642 1235 2716 subditi
1257 2647 1349 2718 Deo.
1376 2647 1475 2721 Alias

180 2739 323 2838 quidem
353 2740 473 2814 Deum
500 2740 582 2811 vere
608 2739 747 2837 rejicit,
781 2739 838 2811 vel
854 2736 986 2834 spernit
1005 2741 1144 2834 potius,
1172 2741 1233 2837 qui
1252 2766 1324 2814 non
1343 2745 1475 2840 recipit

180 2862 284 2929 eum,
317 2837 353 2911 &
372 2839 404 2910 ei
423 2860 495 2909 non
514 2835 659 2926 obedit,
686 2858 791 2930 quem
811 2836 927 2910 mittit
944 2837 1066 2927 Deus,
1093 2838 1152 2908 cui
1170 2837 1362 2930 expreffam
1381 2840 1474 2914 hanc

178 2934 394 3010 Potestatem
420 2931 531 3005 dedit.
575 2932 740 3005 Vocetur
766 2930 904 3007 idcirco
930 2933 1165 3006 sarnanum
1193 2935 1365 3029 Cruor,
1391 2937 1476 3035 quia

179 3031 264 3106 vere
283 3033 361 3104 talis
377 3029 441 3102 est.
475 3026 600 3101 Verbo
616 3027 740 3100 divino
757 3029 1003 3104 confirmatus.
1469 3026 1473 3035 ’

199 3127 269 3209 ,Ιά
297 3125 394 3224 quod
419 3124 584 3196 naturalis
609 3148 752 3220 quoque
777 3128 912 3218 Ratio,
948 3127 985 3202 &
1012 3124 1091 3199 usus
1116 3129 1167 3199 rei
1191 3126 1312 3222 apert&
1329 3128 1475 3204 docenti

179 3214 274 3316 Quis
300 3218 410 3293 nescit
432 3240 557 3292 totum.
575 3223 748 3317 Regnum
774 3245 885 3294 unum
911 3221 980 3295 esse
996 3222 1191 3294 Politicum
1211 3226 1376 3317 Corpus,
1404 3218 1476 3296 fin·⁸
1624 3232 1629 3243 ‘

178 3317 284 3430 gulos
303 3317 461 3389 homines
478 3316 635 3412 ejusdem
654 3317 828 3411 Corporis
847 3316 1016 3389 Membra
1032 3314 1123 3389 effe?
1158 3318 1316 3390 Ubinam
1336 3318 1387 3391 est
1406 3314 1475 3393 huss

176 3437 234 3512 Jus
253 3413 428 3506 Corporis
447 3413 594 3509 Caput?
630 3411 693 3484 Est
712 3437 756 3484 ne
772 3413 868 3486 aliud
886 3437 989 3508 quam
1008 3411 1116 3484 Rex?
1153 3414 1262 3487 Aliud
1281 3415 1385 3511 plane
1402 3439 1477 3492 non

179 3510 242 3583 est.
279 3510 388 3581 atiud
407 3532 553 3606 usquam
573 3510 721 3605 reperiri
740 3532 810 3582 non
827 3509 958 3604 potest.
999 3507 1095 3581 Usus
1111 3511 1161 3582 rei
1181 3511 1252 3585 hoc
1272 3531 1307 3584 te
1327 3513 1476 3587 manife-

179 3604 321 3678 stiffime
339 3607 458 3677 docet.
492 3607 595 3704 Qrid
615 3607 715 3698 fieri,
740 3606 825 3703 quid
846 3605 971 3696 statui,
997 3605 1084 3704 quid
1102 3604 1243 3681 decerni
1263 3609 1380 3703 potest
1400 3609 1480 3683 abs·

177 3723 249 3796 que
265 3704 388 3800 Regio
406 3701 625 3776 consensu?
639 3705 741 3798 Quid
759 3704 890 3796 laxari,
916 3702 1002 3800 quid
1022 3701 1187 3798 diffolvi,
1214 3706 1299 3801 quid
1320 3707 1481 3799 remitti,

177 3797 310 3897 absque
336 3799 472 3893 eodem*
487 3798 631 3896 potest?
667 3800 826 3877 Videsne
843 3799 1000 3899 supremi
1018 3799 1159 3898 Capitis
1177 3805 1387 3900 Supremam
1405 3802 1478 3872 Po·

810 3896 848 3971 V
1372 3894 1479 3987 testas
1611 3946 1615 3951 -
