3322 4456
174 329 339 420 A·¹546·
505 318 543 393 R
592 316 626 390 E
674 314 715 387 N
764 314 802 386 0
852 311 889 387 V
938 314 971 385 Α
1019 312 1057 388 Τ
1094 315 1137 389 ·Ι.
1270 372 1281 426 »Σ
1394 307 1466 419 337⁴

170 505 197 546 ,‚
224 452 335 546 cipit,
370 445 526 518 Primum
555 439 641 535 quid
668 441 712 509 de
737 437 952 510 sacramento
968 438 1084 511 altaris
1101 441 1214 514 dicam
1234 467 1274 516 ac
1292 443 1460 539 sentiam,

169 602 198 642 „
224 547 259 618 id
278 546 365 618 seire
383 542 403 612 ai
420 565 475 610 rne
492 534 596 609 enixe
615 557 745 629 cupere
761 534 806 604 se.
849 537 900 605 At
917 555 987 628 ego
1007 533 1181 607 silentium
1201 541 1389 635 excusans,
1414 544 1459 616 de

171 697 199 738 „
226 645 290 714 hac
320 641 463 710 materia
488 633 638 726 nequid
664 631 772 701 vellet
789 627 893 700 anxie
912 652 1075 718 movere,
1101 654 1161 703 aut
1178 639 1290 707 acrius
1308 662 1459 735 urgere,
1504 662 1506 669 ·

169 795 197 834 „
223 740 358 831 rogito.
390 734 535 825 ⁴Neque
558 730 652 800 enim
680 729 836 797 animum
862 724 929 797 ess'e
956 727 992 795 in
1011 728 1075 797 hac
1093 733 1258 821 materia,
1288 738 1458 825 quoniam

170 889 197 930 „
223 832 392 925 papistanr
428 826 496 898 esse
522 822 697 920 persensa,
741 820 902 916 pluribus
927 821 1042 893 verbis
1070 846 1152 894 cum
1181 849 1224 896 eo
1251 827 1460 924 disceptare.

171 984 199 1022 „
226 923 411 996 Postremo
440 927 509 996 huc
529 922 632 992 rediit
652 941 747 989 meus
767 938 1017 1011 percontator,
1044 921 1129 1015 quid
1148 920 1191 991 de
1210 926 1355 1016 privatis
1372 930 1458 999 mir·

172 1053 199 1116 ,‚
228 1022 290 1113 sis,
317 1045 359 1091 an
378 1017 457 1114 post
479 1022 565 1088 hanc
586 1020 694 1087 vitam
713 1014 875 1084 animulis
894 1014 1106 1108 corporibus
1124 1015 1245 1090 solutis
1263 1043 1317 1090 eus
1334 1019 1459 1095 solatio

170 1173 197 1213 „
224 1114 300 1205 sore
327 1113 497 1188 sentiam?
532 1113 615 1203 Qua
641 1113 684 1182 de
712 1133 749 1180 re
775 1109 959 1203 respondi,
996 1109 1200 1183 Idololatria
1218 1138 1257 1186 ac
1276 1116 1459 1214 sacrilegio

169 1270 198 1307 „
226 1237 298 1284 non
316 1235 454 1303 carere,
484 1207 505 1280 sr
527 1213 603 1302 quis
621 1210 670 1278 cis
688 1205 775 1285 fidat
794 1208 906 1302 magis
926 1229 1030 1302 quam
1049 1206 1214 1305 sanguine
1228 1212 1379 1284 Domini
1398 1215 1461 1310 qui

169 1365 197 1404 „
220 1333 288 1404 pro
307 1308 410 1379 nobis
429 1325 589 1377 mortuus
606 1304 668 1376 est.

218 1405 459 1499 „Postquam
487 1402 566 1476 hac
594 1402 643 1471 ita
668 1397 742 1470 asta
770 1398 876 1491 sunt,
901 1395 1063 1497 ¹demum
1092 1401 1134 1472 nd
1162 1402 1335 1476 summum
1363 1404 1462 1480 urbis

169 1556 196 1598 „
223 1490 429 1574 Prae‘torem'
448 1499 643 1594 (Majorem
661 1515 791 1567 vocant
810 1496 935 1581 nostri)
961 1520 1017 1567 me
1036 1498 1248 1591 perducunt.
1292 1501 1363 1574 Cui
1382 1522 1461 1575 tum

169 1651 198 1692 „
223 1598 341 1668 eadem
371 1599 448 1667 haec
474 1596 617 1682 omnia,
648 1595 843 1688 eodemque
860 1592 982 1664 ordine
999 1599 1248 1687 percontanti,
1274 1597 1403 1672 eisdem
1422 1600 1462 1676 &

169 1715 292 1790 „ego
320 1693 435 1766 verbis
463 1715 525 1789 per
551 1689 669 1760 omnia
697 1689 880 1782 respondi,
916 1689 1043 1785 quibus
1069 1687 1143 1761 sum
1170 1694 1267 1786 prius
1286 1694 1381 1789 apud
1399 1718 1461 1771 eos

168 1844 197 1887 „
224 1790 302 1862 usa:
337 1789 401 1863 nisi
431 1788 527 1885 quod
553 1784 574 1857 d
601 1787 651 1857 D.
671 1787 828 1859 Pr·tt·tore
854 1787 941 1859 illud
960 1788 1048 1858 mihi
1067 1786 1247 1881 objectum
1267 1790 1338 1880 est,
1364 1792 1463 1888 quod
1525 1836 1527 1841 .

167 1941 197 1980 „
223 1906 340 1960 tamen
366 1887 411 1959 ab
439 1884 521 1982 ipsis
548 1904 690 1973 ortum,
721 1882 815 1953 ame
833 1908 1011 1979 nunquam
1031 1883 1230 1980 prosodiam
1248 1885 1375 1962 fuerat.
1418 1888 1462 1961 Id

169 2036 197 2078 „
224 2004 341 2055 autem
369 2003 443 2056 erat
470 1980 666 2076 ejusmodi,
693 2002 821 2073 nempe
850 1980 969 2051 fimus
989 1985 1024 2050 in
1042 1983 1153 2052 libum
1174 1985 1262 2055 illud
1281 1982 1468 2060 consterni

168 2133 196 2171 „
223 2099 299 2149 tum
325 2077 405 2149 casu
426 2080 583 2151 incidens
601 2078 827 2162 corroderet,
854 2101 895 2144 an
917 2077 1036 2170 Deum
1053 2076 1194 2171 ederet,
1223 2080 1357 2152 necne?
1393 2084 1464 2158 At·

168 2222 198 2263 „
223 2178 317 2240 enirn
338 2173 443 2262 hujus
460 2192 531 2265 ego
548 2170 731 2240 sententiae
752 2192 929 2260 nunquam
948 2173 1077 2242 author
1095 2170 1158 2244 fui.
1187 2176 1245 2246 nli
1266 2175 1351 2248 verb
1366 2180 1463 2274 ejus·

169 2319 196 2360 „
223 2263 303 2336 dem
331 2264 429 2334 modi
455 2262 588 2355 aliquid
614 2261 694 2332 sunt
712 2261 732 2330 ὲ
749 2284 804 2330 me
821 2262 1007 2334 sciscitati:
1035 2267 1076 2334 ad
1122 2268 1193 2339 uod
1212 2271 1358 2342 verbum
1382 2277 1463 2369 qui.

168 2414 194 2455 „
221 2359 300 2432 dem
320 2359 458 2432 nullum
478 2355 663 2451 respondi,
682 2375 821 2428 tanturn
841 2359 975 2431 adeam
995 2290 1463 2460 subridrnterrogationem.

169 2461 199 2551 „'
226 2457 359 2530 Aderat
386 2454 437 2528 ibi
463 2474 541 2527 tum
568 2450 726 2548 episcopi
754 2453 1017 2547 Canceiiarius‚
1043 2457 1103 2549 qui
1123 2481 1179 2528 me
1197 2457 1296 2531 saevis
1312 2463 1464 2559 castiga·

168 2606 195 2648 „
222 2551 283 2625 bat
307 2551 445 2644 verbis,
470 2548 577 2717 1{uod
605 2571 714 2643 quum
742 2551 870 2622 mulier
892 2550 1021 2640 essem,
1047 2553 1154 2624 sacras
1182 2556 1252 2628 Dei
1275 2557 1465 2654 scripturae

166 2701 195 2745 ‚,
220 2649 429 2739 recitarem,
447 2670 467 2718 a
509 2670 643 2735 rmans,
664 2643 891 2739 interdidum
908 2646 975 2720 esse
994 2647 1014 2719 a
1032 2649 1116 2721 divo
1128 2652 1261 2746 Paulo,
1280 2678 1324 2727 ne
1341 2657 1465 2732 foemi·

168 2799 197 2842 „
224 2767 280 2816 nae
307 2743 352 2816 de
375 2744 571 2839 scripturis
593 2741 885 2816 sermocinentur.
930 2744 987 2817 nd
1008 2748 1077 2820 hoc
1096 2747 1280 2844 respondi,
1307 2752 1464 2829 Paulinae

166 2896 193 2940 ‚,
220 2840 348 2913 mentis
375 2864 419 2912 ne
446 2862 594 2932 unquam
620 2840 670 2909 ira
696 2862 753 2910 rne
780 2841 937 2938 ignaram
965 2841 1053 2935 esse,
1088 2864 1128 2916 ut
1149 2846 1298 2920 nesciam
1317 2852 1401 2945 quid
1420 2853 1464 2928 ad

166 2993 194 3036 „
220 2935 389 3011 Corinth.
421 2863 579 3008 icribens
607 2936 816 3030 praecipiat,
849 2961 928 3033 cap.
946 2960 1024 3010 xrv.
1059 2938 1121 3012 ubi
1149 2937 1465 3036 prohiberiue'ne

165 3090 192 3132 „
217 3040 368 3109 mulieres
392 3037 428 3104 in
451 3037 565 3125 eccesta
589 3035 784 3127 loquantur,
819 3033 918 3120 velut
946 3035 983 3107 in
1009 3033 1112 3110 coetu
1135 3042 1294 3114 virorum
1314 3042 1464 3142 dogma·

167 3183 195 3225 „
221 3130 316 3201 tistas
333 3149 489 3226 agentes.
518 3131 573 3198 Ac
594 3129 679 3200 ilico
699 3149 906 3223 percontata
923 3131 966 3203 ab
985 3133 1049 3205 illo
1068 3136 1259 3229 rogabam,
1287 3138 1358 3210 hoc
1376 3145 1465 3218 mihi

167 3278 195 3322 „
220 3225 379 3315 diecret,
398 3245 489 3320 quot
506 3245 660 3317 unquam
680 3224 817 3298 vidisset
836 3224 1002 3301 foeminas
1020 3232 1056 3300 in
1074 3229 1275 3327 suggestum
1294 3233 1464 3311 conscen-

168 3372 195 3417 „
222 3322 303 3393 dere
322 3318 617 3393 concionaturas?
646 3319 759 3412 ldque
775 3345 886 3415 quum
903 3322 936 3394 se
946 3347 1125 3417 nunquam
1136 3328 1258 3402 vidisse
1269 3327 1461 3410 fateretur:

166 3472 201 3514 „,
222 3417 341 3513 Ergo,
359 3418 522 3511 inquam,
540 3413 997 3491 nolimiserasmuiierculas
1007 3441 1071 3492 tuo
1082 3425 1297 3522 praejudicio
1307 3453 1465 3528 onerare,

168 3565 195 3608 „
220 3537 305 3609 quas
333 3512 390 3584 lex
416 3513 580 3586 absolvit.
621 3512 788 3608 Cumque
814 3515 855 3586 iis
875 3512 1039 3589 dominus
1058 3520 1198 3595 Praeror
1217 3549 1274 3599 me
1290 3527 1466 3604 custodiae

171 3660 199 3702 „
224 3606 433 3699 mandabat,
454 3607 556 3704 aquo
570 3630 647 3682 tum
658 3611 874 3705 depoposci,
893 3634 937 3684 an
946 3616 1318 3715 recipercdignaretur
1328 3628 1389 3723 qui
1400 3652 1466 3721 pro

169 3759 198 3816 7’
224 3726 282 3775 me
298 3702 524 3797 sponderent.
552 3706 594 3778 ld
612 3730 722 3802 quutn
742 3706 924 3803 impetrari
940 3710 984 3784 ab
1002 3737 1044 3784 eo
1059 3738 1130 3787 non
1145 3717 1279 3813 posset,
1298 3721 1466 3796 incarce-

169 3854 198 3896 ‚,
225 3823 299 3871 rem
320 3798 407 3870 ilico
422 3798 602 3896 abripior,
621 3805 682 3879 ubi
700 3804 743 3879 ad
760 3805 834 3880 dies
851 3829 922 3882 arr.
947 3809 1038 3899 nulli
1046 3814 1242 3891 amicorum
1253 3818 1413 3893 omniurn
1424 3819 1467 3891 ad

170 3951 197 3994 „
223 3894 445 3972 medebatur
463 3896 591 3972 aditur.
826 3902 864 3976 V
882 3928 911 3982 v,
1360 3965 1387 4006 „
1406 3915 1468 4004 luz
