3322 4456
797 335 842 388 rr
863 341 877 386 ·.

186 470 297 530 unum
316 448 438 525 haberi
455 468 499 520 ex
519 441 628 543 ipsius
647 319 862 537 discipdlis,3
876 313 949 512 don
966 436 1018 511 est
1036 439 1133 534 quod
1154 441 1315 537 pluribus
1326 449 1485 545 meapud
1586 448 1590 453 .

188 573 225 625 te
248 548 436 636 excusem,
470 566 580 639 quum
609 560 645 612 te
671 535 750 611 satis
776 538 865 610 bene
892 558 1139 632 comparatum
1156 540 1315 631 judicem
1334 547 1377 618 ad
1395 549 1484 622 iilud

186 642 443 744 suscipiendum
462 640 582 737 quod,
608 636 652 709 ab
671 635 747 730 ipso
765 631 965 728 profcdum
986 632 1054 706 effe
1072 637 1262 709 constabit.
1449 695 1453 701 .

233 745 297 817 Est
320 743 397 815 sane
411 740 455 811 de
473 761 546 834 quo
559 736 689 833 gratias
699 754 844 828 agamus
856 733 985 805 Deo&
999 732 1093 802 Patri
1105 731 1248 822 nostro,
1269 737 1364 828 quod
1376 764 1485 834 opera

186 859 248 915 tua
266 842 320 914 uti
331 835 484 910 voluerit
495 835 537 904 ad
549 851 686 904 tantum
698 850 808 924 opus,
829 848 870 901 ut
881 853 943 926 per
954 851 989 900 te
1000 829 1035 899 in
1047 830 1170 924 primis
1182 854 1309 925 purum
1323 835 1358 907 dt
1373 838 1484 912 since·

185 961 268 1011 rum·
284 937 382 1009 suum
401 932 541 1004 cultum
563 930 603 1000 in·
617 925 884 1024 reg-noAngliae
903 923 1123 1016 restitueret,
1143 927 1482 1030 praestiteritetiarn,

184 1019 1481 1119 utsalut-isdodirinaaudireturpaisrm,&fideliterannunciareturomni·

184 1128 254 1203 bus
278 1130 339 1225 qui
365 1148 463 1199 aures
488 1120 911 1219 arrigeredignarentur:
939 1121 1161 1215 quodetiam
1182 1143 1314 1194 tantam
1334 1127 1482 1200 i'ortitu·

184 1226 305 1300 dinem
331 1225 369 1298 ὃ(
395 1217 626 1296 constantiam
655 1218 727 1289 tibi·
748 1216 936 1308 indiderit,
972 1237 1012 1288 ut
1039 1238 1165 1291 contra
1190 1232 1247 1291 tot
1275 1219 1482 1301 insultus&

102 1375 109 1387 s
184 1319 416 1396 difficultates
444 1315 593 1392 infrauo
617 1315 737 1387 animo
764 1336 950 1410 pergeres:
985 1337 1026 1385 ac
1052 1337 1156 1386 manu
1181 1320 1322 1413 potenti
1341 1341 1377 1393 te
1395 1320 1479 1397 affe·

183 1421 298 1495 ruerit
325 1417 512 1506 haetenus,
539 1434 581 1486 ut
600 1432 661 1484 tua
678 1410 828 1483 con-filia
843 1414 879 1485 dt
900 1411 1037 1485 iabores
1056 1409 1120 1483 sua
1132 1413 1378 1490 benedistione
1397 1442 1480 1515 pro·

183 1517 353 1615 sequutus
380 1514 446 1605 fit,
478 1533 586 1606 atque
603 1506 874 1607 prosperaveris.
908 1506 1108 1600 Totidem,
1135 1510 1299 1603 inquam,
1325 1513 1384 1586 iila
1401 1515 1483 1591 sunt

182 1616 254 1712 piis
272 1611 437 1686 omnibus
455 1626 688 1706 argumenta,
715 1626 782 1701 pro
801 1604 929 1700 quibus
946 1604 1055 1700 ipfius
1073 1610 1481 1703 nomenconcelebrent.
1572 1681 1574 1684 .

183 1710 256 1785 Sed
274 1731 394 1784 tamen
412 1705 495 1804 quia
513 1706 626 1779 Satan·
639 1721 737 1776 totus
753 1703 789 1773 in
806 1724 850 1776 eo
867 1701 941 1793 est,
966 1719 1007 1773 ut
1024 1725 1138 1774 novas-
1151 1725 1288 1800 pugnas
1306 1730 1481 1804 perpetuo

180 1806 377 1899 accendat,
410 1801 552 1901 ipsaque
577 1802 637 1873 iila
661 1823 714 1872 res
740 1799 861 1896 perse
886 1800 1048 1871 omniurn
1074 1797 1287 1874 difficillima
1312 1826 1378 1878 una
1404 1806 1479 1904 est,

181 1903 265 1980 dare
291 1926 437 2002 operam
465 1922 596 1994 nempe
623 1916 663 1970 ut
691 1895 770 1968 Dei
790 1898 918 1969 veritas
937 1896 1076 1992 placide
1094 1898 1188 1993 apud
1207 1899 1366 1976 homines
1383 1906 1481 1979 obti-

181 2021 288 2095 neat,
322 2023 433 2097 quum
459 1997 513 2069 illi
541 2016 666 2069 natura
683 1991 869 2066 mendacio
887 1992 1019 2066 addicti
1040 1995 1126 2066 srnt:
1154 2018 1264 2090 quum
1284 2000 1389 2072 etiam
1409 2027 1489 2078 non.

182 2096 298 2172 defint
319 2098 386 2168 aiia
428 2095 587 2181 uaedam,
609 2113 689 2185 quae
709 2088 817 2183 ipfius
834 2087 974 2161 cursum
994 2112 1238 2182 remorentur,
1261 2118 1302 2168 ac
1319 2100 1483 2176 nomina·

182 2192 271 2283 tim,
290 2190 388 2284 quod
403 2119 891 2283 duperstitionesAntichristi
912 2205 985 2255 tam
1000 2185 1086 2257 altas
1103 2186 1236 2259 radices
1249 2212 1421 2298 egerunt,
1441 2219 1483 2274 ut

181 2286 370 2361 exanimis
389 2283 592 2354 multorum>
605 2301 701 2374 aegre
721 2277 843 2350 revelli
860 2300 989 2373 queant
999 2313 1013 2367 ς
1041 2300 1081 2352 tu
1098 2285 1284 2357 unusmihr
1295 2305 1396 2361 tanto
1405 2314 1480 2368 ma.

181 2386 239 2484 gis
264 2383 358 2458 visus
383 2403 417 2453 es
434 2380 477 2452 ad
496 2397 676 2473 opattam
697 2374 844 2446 arduum
865 2374 989 2449 sandiis
1005 2380 1155 2452 omnino
1173 2381 1482 2466 exhortationibus

182 2478 473 2569 confirmandus,
508 2477 561 2548 uti
580 2470 652 2568 ipsa
669 2472 887 2565 experientia
905 2494 941 2546 te
958 2474 1028 2547 hoc
1047 2498 1191 2573 quoque
1209 2502 1490 2576 comperturum.

181 2601 257 2652 non
275 2577 417 2653 dubito.
460 2578 581 2668 Atque
601 2574 669 2642 hoc
687 2567 793 2641 faciet
813 2589 854 2641 ut
870 2573 1025 2665 apertius
1043 2573 1102 2645 hic
1122 2575 1320 2651 &liberius
1339 2603 1395 2654 me
1412 2604 1478 2680 ge.

181 2697 277 2748 ram:
305 2675 344 2749 dt
363 2667 441 2770 sane
458 2672 542 2767 quia
559 2689 681 2740 meum
698 2665 887 2738 confilium
907 2686 1101 2762 vototuo,
1126 2691 1172 2744 ut
1185 2670 1321 2772 spero,i
1335 2676 1480 2775 respon.-

181 2771 304 2866 debit,
340 2770 387 2853 src'
408 2769 546 2860 statuo,
574 2790 609 2840 te
626 2766 732 2837 etiarn
750 2765 1040 2840 exhortationem.
1057 2769 1274 2844 meamboni
1293 2774 1478 2851 consultu,

180 2893 282 2961 rum,
316 2889 359 2943 ut
378 2867 538 2964 ipsa-non
556 2864 704 2936 omnino
723 2861 908 2935 neceffaria
924 2861 1053 2957 fuerit,
1079 2889 1190 2961 quum
1208 2870 1304 2942 zelus
1324 2873 1361 2946 δι
1380 2870 1477 2948 soni,

180 2969 305 3042 citudo
331 2990 423 3065 quae-
441 2986 498 3036 me
525 2966 595 3035 huc
623 2962 865 3056 impulerunt,
899 2965 968 3035 tibi
995 2987 1068 3035 non
1086 2964 1227 3058 probari
1247 2991 1319 3041 non
1339 2969 1479 3067 potunt.

108 3073 113 3081 '
179 3069 239 3140 Ac
266 3086 368 3138 tanto
392 3064 504 3160 magis
527 3061 595 3132 illa
614 3057 811 3155 quamipse
828 3057 989 3156 agnoscis
1006 3058 1184 3135 neceffitas
1205 3060 1332 3157 faciet,
1359 3091 1399 3143 ut
1418 3094 1479 3143 ac·

179 3164 321 3256 ceptius
342 3162 449 3232 etiarn
471 3162 539 3229 hoc
558 3156 658 3251 apud
671 3177 708 3227 te
725 3179 844 3229 meum
866 3157 1019 3231 studium
1039 3159 1219 3232 reddatur.
1262 3162 1385 3253 Quare
1405 3164 1424 3238 d
1441 3188 1489 3240 te·

177 3275 287 3354 peto,
323 3253 544 3350 Ampiiffime
573 3252 753 3342 Domine,
769 3273 820 3332 ,ut
837 3276 894 3325 me
912 3254 971 3325 hic
991 3256 1167 3350 patienter
1182 3256 1300 3330 audias
1315 3261 1354 3330 in
1374 3262 1415 3332 iis
1434 3263 1479 3338 de

99 3366 102 3371 “
177 3353 308 3451 quibus
334 3373 370 3425 te
396 3349 733 3443 admonere-paucis
760 3346 918 3420 institui:
953 3373 994 3423 ac
1021 3348 1168 3423 viciffim
1186 3352 1310 3447 spero,
1336 3355 1397 3429 ubi
1417 3359 1479 3435 ius

177 3449 389 3536 attenderis,
411 3448 479 3541 ipsa
498 3449 565 3520 tibi
584 3446 745 3521 solatium
763 3444 932 3539 allatura,
949 3470 1023 3540 quo
1040 3448 1229 3522 animofius
1248 3452 1373 3523 deinde
1385 3479 1479 3549 opus

177 3549 268 3621 iliud
296 3545 451 3619 fandum
482 3545 716 3643 persequaris,
749 3543 792 3617 ad
819 3544 916 3640 quod
937 3545 1101 3619 Domino
1119 3545 1255 3643 placuit
1273 3568 1309 3622 te
1328 3552 1400 3626 huc
1419 3577 1479 3630 tur

179 3669 250 3742 que
269 3666 309 3717 ut
329 3643 489 3716 ministro
507 3644 575 3716 uti.

225 3742 406 3836 Equidem
433 3764 506 3814 non
530 3740 662 3814 dubito
682 3739 769 3838 quin
789 3739 907 3813 turbae
927 3739 999 3812 iilae
1017 3741 1180 3839 ingentes
1195 3766 1276 3836 quae
1293 3741 1337 3816 'ab
1355 3746 1478 3844 aliquo

179 3857 345 3938 temporo
361 3839 592 3932 acciderunt,
616 3839 685 3914 tibi
703 3837 981 3914 valdemolestae
995 3839 1033 3915 dt
1046 3840 1185 3916 acerbae
1203 3839 1354 3917 fuerint:
1381 3867 1477 3942 pra·

763 3933 899 4038 Πᾶς,
1408 3937 1615 4061 [ω’.
