3292 4462
152 244 1233 395 a-.1535.··REN0Var1.·
1384 335 1452 410 ¹17

146 477 173 519 ‚,
200 442 270 495 tur.
314 419 430 513 Quod
457 421 601 517 Regem
630 421 674 493 de
700 421 878 492 nonnullis
905 420 1008 495 rebus
1036 447 1227 524 purgatum
1252 431 1319 506 esse
1336 436 1448 529 velit,

146 576 172 621 „
199 519 304 592 facile
334 522 404 590 hoc
433 519 477 590 ab
503 519 536 590 se
563 521 767 613 impetrari,
803 517 838 589 ὃ(
860 541 990 614 cupere
1011 522 1204 618 imprimis,
1233 551 1273 603 ut
1292 555 1445 606 concor·

145 674 172 719 „
197 617 291 689 diam
315 616 496 712 publicam
509 617 608 688 Deus
627 616 818 711 largiatur,
838 614 875 687 ὃ(
894 612 1012 687 multb
1031 617 1341 720 sanguinepartam
1354 631 1441 704 olim

144 771 171 815 „
198 715 405 789 Germaniae
432 713 632 785 libertatem
661 731 802 785 tueatur
827 731 932 804 atque
956 736 1173 811 propugnet.
1220 725 1312 796 lllud
1332 726 1444 823 verb,

143 867 170 912 „
196 812 294 906 quod
322 810 367 885 de
393 810 648 884 conciliatione
674 809 885 906 dogmatum
913 809 1066 904 dixerit,
1102 818 1221 909 paucis
1246 824 1360 896 verbis
1377 849 1443 899 ex·

143 965 171 1007 „
197 901 323 1002 plicari
349 933 422 980 non
445 907 552 1001 posse.
595 909 737 1003 Regem
759 926 877 978 tamen
897 929 963 1000 pro
981 905 1038 978 sua
1058 912 1244 1004 prudentia
1262 917 1368 994 facile
1385 924 1441 995 vi·

144 1062 170 1103 „
196 1007 277 1077 dere
301 1025 408 1100 atque
432 1004 653 1103 intelligere,
680 1000 853 1075 diffidium
875 1003 945 1074 hoc
964 1027 1070 1077 omne
1088 1029 1208 1082 natum
1228 1012 1296 1086 esse
1312 1041 1357 1089 ex
1375 1020 1436 1093 ud·

142 1158 169 1199 ‚,
196 1101 424 1174 versariorum
443 1102 700 1192 obstinatione,
719 1103 780 1196 qui
799 1097 996 1171 doslrinam
1015 1103 1104 1177 hanc
1123 1132 1265 1181 omnem
1283 1115 1438 1190 acerbis·

142 1254 170 1299 „
198 1198 282 1270 sime
300 1202 581 1272 condemnarint.
608 1200 654 1271 Se
671 1199 813 1293 quidem
833 1197 996 1291 plurimis
1014 1222 1110 1272 nunc
1128 1208 1224 1278 annis
1243 1209 1331 1281 nihil
1342 1213 1438 1288 aliud

140 1351 166 1396 „
192 1295 373 1394 flagitare,
407 1321 512 1394 quam
540 1318 581 1369 ut
609 1296 652 1367 de
670 1319 707 1367 re
725 1314 802 1367 tota
820 1294 985 1391 legitimo
1005 1295 1178 1372 Concilio
1197 1304 1436 1403 disceptetur:

136 1450 164 1494 „
190 1391 247 1466 1εά
274 1393 492 1467 Pontificem
518 1397 667 1491 ejusque
685 1391 885 1465 clientelam
905 1393 991 1464 totis
1010 1396 1145 1470 viribus
1163 1401 1233 1473 hoc
1251 1405 1440 1498 impedite.

136 1547 164 1591 „
188 1490 321 1563 Futuri
347 1492 493 1564 concilii
518 1492 745 1564 conditiones
766 1490 903 1586 aliquot
921 1487 942 1561 al
960 1489 1147 1567 Clemente
1165 1496 1317 1594 septimo
1335 1501 1439 1581 fuisse

136 1646 163 1688 rr
189 1587 409 1685 propositas:
444 1612 568 1662 verum
587 1590 662 1684 ejus
679 1588 841 1700 generis,
874 1605 916 1660 ut
934 1586 1012 1661 satis
1030 1614 1236 1687 appareret,
1262 1622 1343 1672 cum
1362 1627 1438 1691 nou

10 1690 15 1698 “
132 1741 159 1786 ,,
184 1683 282 1783 posse
308 1684 401 1760 ferre
418 1687 567 1760 liberam
588 1689 849 1782 cognitionem.
892 1685 1005 1759 Hunc
1023 1686 1110 1765 verb
1131 1692 1368 1789 Pontificem,
1396 1703 1439 1778 &a

131 1841 158 1885 „
184 1780 211 1856 fi
238 1785 434 1858 concilium
465 1786 676 1881 promittat,
713 1803 831 1856 tamen
857 1781 902 1854 de
920 1781 1056 1877 forma,
1082 1787 1196 1886 deque
1213 1795 1323 1866 modo
1340 1798 1440 1872 nolle
1540 1813 1546 1824 '

131 1938 158 1982 „
184 1879 347 1956 traPtati:
374 1883 524 1973 deinde,
544 1881 701 1954 indicere
719 1881 809 1953 illud
827 1900 929 1954 extra
947 1879 1033 1955 fines
1054 1884 1215 1982 lmperii.
1250 1890 1335 1984 Qua
1353 1897 1434 1992 qui.

131 2033 158 2078 „
184 1979 266 2052 dem
289 2004 336 2067 ex
362 1979 525 2068 re’sacile
544 1978 655 2054 videri
675 1976 801 2076 pollis,
826 1979 949 2052 dolum
969 1978 1100 2054 subesse
1116 2009 1157 2058 ac
1177 1987 1433 2089 impollutam,

129 2132 158 2176 „
184 2076 222 2173 ὅ(
241 2078 312 2152 ltoc
329 2076 442 2152 solum
461 2081 543 2175 agi,
571 2098 610 2150 ut
629 2076 692 2150 sub
711 2078 856 2149 nomine
872 2077 1018 2150 concilii
1039 2103 1119 2152 vera
1137 2082 1298 2161 doctrina
1315 2091 1440 2173 deleat.

133 2228 160 2271 „
186 2193 265 2266 tur.
299 2175 396 2247 Cum
414 2199 530 2251 autem
548 2199 622 2248 non
644 2174 686 2248 stt
704 2174 809 2249 solius
830 2172 1001 2270 Episcopi
1021 2177 1200 2274 Romani,
1222 2184 1437 2264 denuntiate

134 2325 162 2369 „
189 2271 406 2365 concilium,
439 2273 494 2346 1εά
521 2273 563 2344 ad
591 2274 712 2371 Reges
738 2273 849 2346 etiam,
873 2292 979 2368 atque
999 2274 1177 2370 Principes
1196 2303 1235 2350 ea
1254 2306 1306 2355 res
1326 2285 1437 2383 aeque*

131 2423 159 2468 „
185 2367 382 2466 pertineat,
401 2369 581 2445 obsecrare
599 2370 631 2444 se
647 2376 810 2468 Regem,
827 2367 984 2461 efficiat,
1003 2395 1047 2445 ne
1065 2373 1264 2449 violentum
1284 2382 1429 2479 aliquod

131 2522 160 2565 „
184 2470 554 2564 cogaturconcilium
573 2469 610 2541 in
630 2468 712 2541 loco
731 2466 889 2565 suspedlo
908 2470 944 2541 ὅ(
965 2469 1187 2562 periculoso,
1213 2498 1360 2569 verum,
1387 2499 1430 2552 ut

132 2618 161 2661 ‚,
189 2562 234 2634 de
260 2564 362 2635 rebus
388 2585 460 2637 tam
486 2566 622 2658 arduis,
656 2590 737 2662 quae
757 2567 868 2636 totius
888 2565 1060 2641 Ecclestae
1080 2566 1222 2640 salutem
1243 2591 1349 2667 atque
1367 2588 1431 2669 pa·¹

130 2714 158 2759 „
185 2683 264 2746 cem
283 2664 490 2756 continent,
517 2688 668 2761 quaeque
686 2665 854 2761 privatim
874 2663 914 2733 ad
937 2659 1093 2760 stngulos
1112 2668 1316 2760 pertinent,
1336 2670 1428 2746 libe·

127 2815 155 2859 ,‚
181 2754 220 2852 re
248 2760 498 2856 cognoscatur.
546 2764 633 2834 Hoc
660 2762 830 2836 videlicet
854 2761 1028 2853 nomine,
1063 2786 1136 2834 non
1165 2765 1254 2841 hanc
1283 2789 1434 2847 aetatem·

128 2913 154 2957 „
179 2855 310 2949 modo,
341 2856 399 2932 sed
425 2885 569 2933 omnem
591 2885 734 2958 quoque
752 2858 995 2956 posteritatem
1015 2861 1046 2932 ei
1066 2862 1259 2954 plurimum
1278 2869 1426 2943 devinc-

128 3011 155 3052 „
181 2976 249 3028 tarn
275 2954 375 3049 sore,
410 2959 446 3031 dt
466 2960 598 3055 gratias
616 2959 814 3031 habituram
835 2958 1052 3032 immortales
1069 2959 1277 3040 obtantum
1296 2989 1428 3066 accep·

127 3108 153 3150 ‚,
179 3072 256 3125 tum
279 3052 511 3128 beneficium.
562 3054 674 3148 Quod
693 3078 809 3128 autem
828 3054 871 3127 de
890 3060 1217 3133 communicatione
1235 3062 1427 3144 dustorum

129 3205 158 3246 „
181 3150 369 3244 hominum
397 3154 434 3226 in
457 3152 614 3243 medium
641 3154 849 3246 adduxerit,
885 3179 976 3249 opus
999 3155 1126 3231 habere
1145 3181 1272 3253 magna
1291 3162 1436 3242 delibo-,-

130 3301 158 3343 „
184 3245 332 3342 ratione.
372 3251 568 3346 Plerosque
592 3253 721 3342 etiam,
755 3273 795 3323 ut
817 3251 852 3321 in
872 3275 908 3323 re
927 3251 1139 3344 improvisa,
1166 3255 1302 3326 nullum
1322 3255 1428 3334 alsuis

128 3399 156 3442 „
182 3343 311 3418 babere
335 3349 411 3444 ejus
439 3348 489 3421 rei
517 3347 745 3423 mandatum..
767 3346 862 3420 ‘Ubi
891 3348 1045 3440 primum
1074 3371 1163 3443 ergo
1190 3351 1428 3431 constitutum

131 3494 158 3536 „
175 3443 314 3540 aliquid
340 3446 378 3519 in
403 3470 447 3520 eo
473 3444 601 3539 fuerit,
636 3471 699 3545 per
724 3443 910 3541 epistolam
937 3442 1004 3515 elle
1030 3448 1291 3521 renuntiaturos
1316 3453 1432 3551 Regi.

132 3589 161 3632 „
182 3540 291 3615 Nihil
307 3545 402 3615 enim
419 3541 613 3618 desiderare
632 3544 766 3638 magis,
789 3564 894 3637 quam
913 3562 954 3614 ut
971 3539 1133 3615 doctrina
1151 3543 1305 3620 salutaris
1322 3575 1429 3649 quam

132 3686 160 3730 ,‚
184 3636 381 3736 longilstme
406 3664 641 3739 propagetur.
685 3638 906 3712 Postremum
935 3639 1046 3730 illud,
1080 3640 1142 3711 ubi
1171 3644 1315 3740 Regem
1338 3649 1430 3726 nihil

132 3784 159 3828 „
184 3736 266 3832 opis
290 3739 325 3809 in
343 3739 435 3838 ipsos
455 3741 608 3813 laturum
628 3736 695 3813 elle
713 3738 826 3828 dixit,
858 3759 987 3832 magna
1005 3737 1038 3808 se
1056 3761 1138 3809 eum
1160 3742 1346 3839 voluptate
1364 3771 1429 3830 uus

127 3883 155 3937 ,²
182 3832 280 3933 dille.
322 3836 570 3939 ¹Quamobrem
597 3835 630 3912 se
658 3860 801 4010 quoque
826 3837 864 3909 in
889 3835 931 3907 iis
949 3834 1053 3910 rebus
1071 3838 1260 3936 omnibus,
1285 3843 1429 4015 quagad

323 3980 326 3984 “
596 4012 600 4020 .
791 3955 844 4030 Ξ,
926 3956 930 3961 ’
1224 4005 1233 4019 ·
1291 3989 1319 4033 rr
1370 3962 1430 4033 ,κ’
