3322 4456
779 279 911 374 (100.)

710 512 830 586 Num.
855 509 983 585 XVI.
1027 554 1028 558 =

223 744 232 761 .,
305 658 900 758 PROTESTANTIUM
927 652 1165 756 Ordinum
1192 655 1397 797 Epistola
1498 662 1503 669 ’

500 795 558 892 ad
587 792 860 915 Franciscum
885 801 1007 930 Reg.
1036 794 1199 892 Galliae

577 967 666 1068 pro
693 927 1136 1030 Merindoliensrbus

730 1071 838 1139 Anno
867 1090 970 1163 1541.

305 1209 618 1284 FRANCISCO
639 1210 778 1304 primo,
804 1212 903 1307 Regi
920 1210 1082 1304 Galliae,
1100 1209 1282 1307 Principes
1300 1231 1408 1312 atque

224 1344 227 1349 ·
402 1307 558 1377 Ordines
578 1306 723 1399 Imperii
743 1309 818 1378 Ro.
837 1306 1046 1381 Germanici
1064 1306 1302 1382 Protestaates

529 1401 686 1474 Salutem
707 1403 744 1475 &
764 1401 985 1498 Obsequium
1004 1403 1177 1542 nostruin.

212 1563 472 1747 SErcnisfime
488 1586 594 1663 atque
612 1567 879 1662 Christianifflme
893 1568 1001 1655 Rex,
1029 1567 1212 1666 Quoniam
1231 1593 1271 1643 ea
1288 1569 1503 1644 benevolen-

288 1662 348 1736 tiae
377 1661 474 1757 figna
501 1664 619 1760 Regia
636 1665 790 1760 dignitas
808 1663 922 1738 vestra
936 1665 1038 1738 nobis
1055 1667 1192 1761 semper
1207 1665 1395 1756 exhibuit,
1422 1691 1507 1761 quae

208 1784 247 1834 ar
276 1777 421 1833 umento
447 1756 514 1831 effe
540 1757 689 1853 possint,
724 1762 878 1857 Regiam
904 1759 1128 1857 Majestatem
1156 1759 1327 1852 vestram,
1361 1764 1508 1855 optimo

209 1782 541 1930 escaramiciffimo
558 1879 643 1952 erga
659 1879 722 1928 nos
740 1861 880 1949 animo,
905 1854 1091 1952 aliquoties
1106 1855 1211 1926 etiarn
1229 1856 1370 1950 experti
1386 1853 1507 1928 sumus

209 1952 305 2049 apud
333 1952 487 2047 Regiam
516 1952 774 2027 Ceifitudinem
802 1952 973 2046 vestram,
998 1947 1132 2023 nostras
1148 1971 1270 2048 preces
1288 1973 1360 2021 non
1379 1972 1505 2047 parum

211 2045 366 2122 habuiffe
385 2048 579 2122 momenti:
610 2048 734 2148 Iraque
751 2074 846 2125 nunc
863 2050 970 2123 ctiam
988 2047 1032 2121 de
1046 2046 1267 2144 quorundam
1284 2048 1508 2144 privatorum

212 2143 483 2236 incolumitate,
518 2149 579 2242 qui
607 2150 734 2242 partim
755 2150 791 2221 in
809 2147 913 2221 variis
931 2169 969 2221 re
997 2143 1033 2217 ni
1051 2142 1158 2219 vestri
1175 2144 1287 2237 locis,
1311 2141 1509 2241 praesertim

215 2241 467 2335 Gratianopoli,
502 2243 538 2317 &
559 2245 635 2317 aliis
654 2247 855 2318 Provinciae
871 2167 1035 2323 Urbifius
1051 2242 1150 2340 capti
1166 2258 1352 2332 tenentur,
1380 2242 1508 2338 partim

213 2361 297 2413 cum
326 2340 442 2435 parvis
466 2339 585 2414 liberis
602 2342 716 2435 miseri
736 2343 953 2438 reliquerunt
970 2339 1045 2413 suas
1061 2338 1209 2432 domos,
1235 2340 1272 2414 δι
1291 2337 1328 2410 in
1344 2359 1512 2411 cavernas

212 2430 340 2532 fugere
366 2432 481 2508 coast
499 2434 600 2528 sunt,
652 2458 814 2536 ropterea
831 2433 930 2532 quod
948 2436 992 2510 de
1013 2433 1187 2512 Dosirina
1204 2434 1395 2527 Christiana
1414 2432 1510 2506 idem

214 2530 365 2607 sentiant
383 2532 479 2627 quod
500 2532 610 2614 Eccle
626 2559 671 2606 1ae
690 2533 819 2607 nostrae
837 2532 1080 2626 profitentur,
1097 2532 1140 2605 ad
1149 2528 1353 2628 Reg.Cels.
1363 2529 1512 2605 vestram

214 2628 439 2706 scribendum
459 2630 496 2704 &
516 2654 581 2723 pro
599 2630 668 2703 illis
686 2629 976 2704 intercedendum
996 2629 1177 2703 duximus.

263 2727 408 2825 Magno
427 2725 551 2798 dolore
568 2722 765 2815 afficimur,
808 2722 880 2797 uod
901 2747 985 2799 cum
1004 2726 1125 2817 negari
1143 2749 1215 2796 non
1234 2723 1360 2816 possit,
1379 2722 1514 2792 multos

216 2841 352 2897 veteres
378 2819 502 2895 abusus
519 2821 651 2889 haerere
669 2822 706 2891 in
724 2749 918 2909 Ecsiefiis,
943 2821 994 2889 ita
1012 2836 1129 2886 tamen
1147 2816 1312 2886 exarserit
1330 2813 1512 2884 iracundia

216 2916 361 3015 paffim,
397 2935 437 2989 ut
464 2914 502 2986 &
528 2910 689 2983 salutares
716 2913 899 2984 sententiae
922 2909 1140 2995 obruantur,
1166 2908 1204 2980 &
1222 2928 1294 2977 non
1312 2901 1424 2977 foliam
1445 2907 1513 2978 ho·

216 3013 329 3086 mines
348 3008 500 3101 privati,
518 3003 574 3076 sed
592 3005 697 3076 etiam
716 3026 839 3102 gentes
857 3023 947 3077 totae
960 3003 1102 3074 veniant
1113 3002 1148 3073 in
1160 3000 1383 3096 periculum:
1412 3000 1513 3098 Quae

217 3129 300 3183 cum
327 3102 504 3198 supplices
523 3097 615 3171 fiunt
634 3100 766 3199 Regiae
783 3096 880 3175 cers.
898 3096 1060 3188 Vestrae,
1085 3097 1264 3170 existimet
1282 3100 1402 3194 Regia
1420 3100 1516 3174 Cels.

217 3200 349 3278 Vestra
371 3222 444 3272 non
469 3221 532 3271 nos
559 3191 722 3294 tantiam,
757 3198 814 3274 sed
838 3196 947 3293 ipsam
967 3193 1164 3271 Ecclenam
1186 3196 1312 3289 Christi
1330 3196 1516 3292 lugentem

214 3302 335 3399 jacere
352 3297 396 3371 ad
413 3295 519 3395 pedes
537 3293 753 3373 summorum
774 3298 940 3393 Regem,
966 3298 1003 3371 &
1022 3317 1128 3388 opem
1148 3293 1361 3389 implorare,
1387 3292 1433 3366 ne
1451 3296 1516 3366 lux

218 3395 412 3470 exorientis
439 3393 627 3490 Euangelii
653 3396 909 3493 extinguatur,
941 3393 979 3469 &
1005 3412 1045 3465 ut
1063 3390 1231 3464 modestis
1250 3389 1454 3464 hominibus
1472 3413 1514 3462 ac

220 3492 346 3588 Christi
364 3488 530 3564 membris
550 3509 724 3587 parcatur.
768 3496 770 3501 ‘

268 3589 410 3662 Scimus
433 3587 520 3678 hos,
546 3590 607 3683 qui
626 3605 775 3682 propter
792 3586 886 3679 piam
906 3581 1103 3659 dosirinam
1123 3580 1200 3654 sunt
1219 3581 1255 3654 in
1273 3581 1379 3673 odio,
1406 3582 1516 3657 inter·

219 3684 305 3760 dum
334 3685 548 3782 praegravari
575 3684 649 3757 aliis
675 3683 908 3773 criminibus,
945 3705 987 3753 ae
1013 3681 1085 3753 dici
1111 3678 1303 3753 seditiosos.
1351 3678 1518 3753 Vidimus

218 3801 339 3861 autem
357 3770 605 3857 consessionem
626 3778 908 3856 aerumnosarum
925 3778 1070 3853 illorum
1086 3775 1241 3852 oblatam
1253 3776 1361 3850 curia·
1373 3777 1516 3848 Gratia·

1416 3889 1512 3965 nopo-
