3322 4456
145 320 320 424 nm:
489 309 1134 398 Renovare
1406 344 1456 415 m

147 449 249 525 tione
266 442 426 522 invedtus
443 441 495 520 est
514 446 550 517 in
567 466 694 517 eorum
714 437 977 531 temeritatem,
993 440 1054 534 qui
1066 441 1129 517 fibi
1138 439 1175 519 id
1179 441 1273 546 juris
1281 443 1319 520 in
1330 443 1454 545 Maje·

145 545 272 624 statem
301 548 458 645 Reginae
485 538 714 640 usurpassent.
756 533 952 627 Diffuafit,
985 558 1030 609 ue
1052 539 1085 614 se
1102 543 1329 621 inmiscerent
1346 566 1452 621 tantu

145 645 369 736 discrimini,
400 667 445 718 ne
463 644 579 739 Regis
597 643 687 709 iram
705 634 861 732 experiri
879 633 1037 727 vellent,
1062 661 1105 708 ne
1123 643 1159 713 in
1177 644 1356 744 Reginam
1376 647 1451 720 vir.

145 763 271 821 tutum
298 742 462 816 omnium
490 740 528 814 ὃ(
556 739 730 809 bonarum
757 735 941 805 literarum
967 750 1116 806 matrem
1141 761 1236 813 arma
1261 741 1452 820 sumerent.

145 840 356 931 Postremo,
391 863 437 911 ne
462 837 554 908 hauc
572 833 715 929 culpam
734 832 770 904 in
789 828 822 903 se
839 830 1075 928 recipientes,
1101 832 1368 931 improbitatem
1386 865 1451 915 oo·

148 960 230 1012 tum
248 938 406 1024 alerent,
442 934 505 1029 qui
524 934 636 1030 parati
653 930 733 1005 suut
750 927 893 1028 quidvis
911 929 1050 1026 semper
1065 932 1195 1028 agendi
1212 932 1274 1006 sub
1293 956 1452 1033 praetex·

149 1051 192 1108 tu
219 1033 328 1129 hujus
354 1031 530 1123 nominis,
565 1048 607 1103 ut
631 1029 754 1103 dicant
781 1026 1012 1103 Academiam
1031 1025 1174 1122 ieciffe,
1200 1032 1324 1128 quodi
1355 1031 1454 1108 stin·

144 1128 246 1229 jussu
268 1130 483 1214 ‚Academia
508 1146 727 1227 perpetrant.
776 1127 958 1201 Omnium
984 1127 1159 1202 sententia
1184 1125 1287 1225 fuit,
1320 1059 1455 1207 deum

147 1228 397 1325 abjurandum.
446 1228 547 1302 Idem
575 1226 789 1301 censuerunt
815 1225 1025 1325 Theologi,
1059 1227 1263 1322 Canonici,
1297 1227 1456 1306 Medici.

145 1324 289 1404 Redior
304 1325 531 1403 renunciavit
547 1325 684 1398 ordinis
700 1323 749 1399 sui
768 1324 976 1418 decretum,
1001 1323 1084 1423 post
1104 1326 1274 1402 Decauus
1292 1326 1456 1402 Medici·

144 1447 227 1521 uae,
261 1429 389 1499 tertius
417 1425 595 1498 Canonici
617 1423 716 1516 Juris
742 1420 909 1514 Doeor,
934 1445 1081 1522 quartus
1097 1424 1340 1523 Theologus,
1365 1425 1456 1501 ulti-

146 1546 229 1600 mus
255 1525 365 1596 verba
389 1521 475 1596 fecit
502 1527 651 1598 ctericus
669 1522 719 1618 (a)
753 1521 936 1595 Patochus
961 1517 1069 1596 [audii
1096 1527 1263 1616 Andreae,
1293 1525 1329 1598 in
1347 1545 1456 1621 quem
1504 1588 1506 1593 .

96 1704 99 1709 ,
145 1621 389 1720 omnisculpa
407 1623 657 1713 derivabatur,
682 1619 798 1695 aliisi
815 1617 1132 1694 ieamoiientibus.
1173 1622 1334 1694 Primum
1351 1646 1456 1723 mag·

144 1720 264 1808 nifieis
290 1721 411 1796 verbis
436 1722 570 1797 extulit
600 1720 716 1820 Regis
742 1719 1012 1831 integritatem,
1047 1718 1109 1816 qui
1135 1717 1238 1793 Fidei
1267 1717 1301 1792 se
1316 1721 1456 1794 animo·

141 1816 220 1896 sum
248 1820 493 1917 protestatem
517 1817 686 1895 haetenus
702 1816 860 1917 gefferrt.
902 1814 985 1892 Esse
1003 1816 1143 1916 aliquos
1163 1815 1318 1891 finistros
1335 1817 1457 1892 homi·

142 1939 229 2009 ues,
246 1921 308 2015 qui
327 1920 426 1996 hunc
441 1926 631 2022 egregium
650 1919 811 1991 animum
829 1936 1009 1990 conentur
1023 1936 1252 2014 pervertere,
1271 1917 1334 2013 qui
1345 1917 1456 1991 etiam
1564 1945 1566 1949 ’

142 2013 426 2112 conspiraverint
452 2023 489 2094 in
513 2022 667 2096 exitium
693 2016 801 2092 sacrae
828 2015 1046 2090 Facultatis:
1083 2013 1149 2088 fibi
1176 2036 1295 2089 tamen
1319 2035 1457 2090 certam

143 2111 245 2208 spem
263 2116 353 2205 effe,
373 2118 464 2189 nihil
482 2120 696 2191 obtenturos
704 2113 773 2189 effe
781 2113 944 2188 adversus
954 2113 1062 2187 talem
1072 2111 1333 2207 constantiam,
1350 2138 1459 2212 quam

146 2205 185 2279 in
206 2212 313 2302 Rege
329 2210 400 2281 effe
416 2212 583 2281 novisset.
620 2210 813 2298 Quantum
830 2214 999 2281 attineret
1015 2210 1059 2283 ad
1078 2215 1266 2307 negotium
1286 2213 1384 2307 quod
1402 2235 1459 2287 es·
1590 2244 1592 2249 ·

145 2298 199 2378 set
217 2303 254 2374 in
272 2302 459 2414 manibus,
476 2301 673 2414 sequidem
691 2301 794 2373 fuine
812 2302 1019 2417 delegatum
1030 2308 1237 2381 Acudemiae
1256 2309 1405 2384 decreto
1414 2307 1460 2385 ad

135 2422 523 2572 ‘iteris'via‘itn
536 2398 919 2592 ”brigerinum
932 2399 1462 2573 Aristiusiiiisffl

144 2519 248 2673 Aous
267 2617 344 2670 tum
365 2522 457 2693 pugra
473 2523 649 2694 reiigdone
667 2547 1003 2691 praeditam,’cujus
1020 2595 1072 2667 rei
1091 2616 1306 2692 argumento
1315 2593 1384 2668 esse
1386 2619 1463 2767 po·

145 2711 264 2770 terant
283 2695 381 2791 justa
408 2717 491 2788 quae
518 2694 641 2767 matris
668 2690 738 2764 suae
763 2690 927 2764 manibus
954 2688 1209 2788 postmortem
1229 2692 1382 2791 persolvi
1414 2711 1464 2775 et.
1608 2770 1611 2776 ,

143 2789 193 2870 se
210 2815 278 2887 pto
296 2791 473 2866 damnatis
491 2791 590 2864 libris
609 2785 767 2864 habuiffe
784 2785 978 2864 obscoenos
996 2788 1100 2883 illos,
1128 2792 1399 2890 Pantagruelem
1421 2791 1469 2872 &-

144 2888 294 2987 Sylvam
316 2913 480 2966 amorum
500 2891 538 2967 ἃ
556 2892 633 2988 ejus
651 2906 823 2962 monetae.
873 2888 990 2962 Hunc
1007 2888 1154 2964 interim
1173 2890 1267 2966 inter
1283 2889 1461 2991 suspeetoe

22 3069 39 3116 -·
144 2987 505 3162 {iiiiss‘ffizstimd
518 2985 1463 3163 ,Asnaus:vastitanusss

147 3207 254 3282 quatu
282 3188 410 3281 edere,
436 3109 541 3278 ’qudd
564 3183 607 3255 ad
626 3183 752 3256 Fidem
772 3137 956 3276 speet’aret.
1000 3183 1192 3280 Denique,
1221 3183 1285 3258 srbi
1305 3115 1377 3259 hod
1392 3185 1462 3260 eiie

147 3282 387 3378 praesidium,
422 3280 591 3354 mandato
616 3279 815 3354 Facultatis
841 3277 1002 3370 fretum,
1037 3279 1138 3377 quod
1163 3282 1201 3353 in
1226 3282 1461 3379 quaestionem

52 3429 54 3432 <
131 3379 360 3455 ¹vocabatur.
403 3380 543 3452 Omnes
569 3373 638 3451 ess’e
663 3373 784 3472 culpae
811 3370 953 3466 affines,
990 3373 1112 3473 fiquu
1136 3376 1243 3472 ess’et,
1270 3402 1462 3477 quantum·

151 3477 366 3575 viscuipam
393 3477 624 3579 abnegarent.
673 3477 798 3570 Atque
824 3470 904 3546 httc
930 3472 1052 3551 omnia
1078 3473 1247 3569 Gallice,
1281 3501 1322 3554 ut
1339 3504 1463 3556 omnes

103 3585 106 3590 ·
154 3570 427 3676 intelligerent,
470 3574 720 3672 praeFabatur5
765 3592 889 3642 omnes
914 3590 1033 3646 tamen
1059 3569 1260 3649 fremebant
1285 3602 1367 3653 eunt
1395 3579 1463 3654 ob·

155 3669 302 3746 tendere
328 3673 542 3772 ignorantiae
568 3673 640 3747 suae
666 3672 757 3745 hanc
777 3666 944 3765 speciem.
992 3671 1153 3749 Aderant
1170 3695 1289 3750 auteur
1310 3675 1463 3775 Episco-

757 3767 853 3843 Mt
1397 3799 1466 3872 pua
1613 3857 1618 3865 ,

199 3888 248 3970 (a)
274 3886 305 3952 is
318 3885 367 3950 est
384 3885 534 3952 Nicolaur
552 3887 690 3954 Clericus
705 3889 799 3972 cujus
815 3889 1009 3959 mentionem
1023 3891 1122 3964 in'icit
1139 3892 1416 3976 LAUNOJUS
1433 3896 1465 3964 in

153 3971 296 4045 ilistoria
311 3970 469 4062 Gymnasti
484 3969 669 4040 Novarum·
685 3973 774 4061 Opp.
790 3971 1009 4060 LAUNOJ·
1026 3915 1074 4053 d.
1088 3980 1152 4050 lv.
1176 3979 1215 4046 P.
1233 3980 1259 4045 L
1281 3995 1351 4062 pag·
1367 3996 1442 4058 411.
