3322 4456
170 340 335 433 Amr.
444 368 446 373 >
498 325 538 403 R
586 323 620 398 E
669 319 710 395 N
761 317 885 404 ΟΝ
935 318 967 404 Α
1017 319 1055 396 T
1103 321 1135 405 1.
1396 348 1465 428 349

165 512 192 557 „
217 454 431 547 cinnabant,
464 449 647 524 hortantes
672 464 712 516 ut
733 468 837 516 manu
855 444 888 516 ei
907 439 1182 540 subscriberem,
1207 447 1303 548 quod
1320 473 1391 551 ego
1410 473 1464 528 ta·

165 608 194 653 „
220 578 303 631 men
319 549 522 627 renuebam.
564 544 648 616 Post
667 542 702 614 id
721 542 778 613 die
796 541 960 636 sequente
979 539 1177 616 Dominico
1193 550 1351 643 graviter
1368 553 1472 648 peri·'

164 704 192 750 „
217 649 408 745 culoseque
426 639 669 744 aegrotabam,
688 638 778 711 nibil
798 643 913 710 minus
931 659 1034 732 quam
1046 639 1090 710 de
1100 639 1206 714 salute
1215 644 1364 738 sperans.
1390 648 1462 722 Ea·

162 801 190 848 „
216 774 287 847 que
305 749 405 818 causa
423 737 632 837 expetebam
647 737 741 825 ‚mihi
760 735 888 806 adduci
908 735 1136 807 Latamerum
1157 758 1196 810 ut
1211 746 1461 819 convenirem:
1481 762 1484 766 “

161 899 191 941 „
216 841 367 916 minime
394 860 511 914 tamen
531 834 807 909 concedebatur.
851 831 1011 902 Demum
1031 834 1066 902 in
1082 833 1218 906 summo
1237 840 1463 931 aegritudinis

161 993 189 1037 „
215 938 377 1037 periculo
397 939 430 1008 in
449 956 626 1010 carcerem
647 930 859 1026 Neopyium
879 929 1017 1002 traduci
1031 928 1122 1025 jussa
1136 929 1231 1023 sum,
1250 937 1461 1030 usqueadeb
1559 937 1566 950 '

161 1089 190 1133 „
215 1059 261 1110 ex
289 1034 498 1109 infirmitate
516 1033 707 1126 languens,
733 1047 774 1100 ut
792 1049 970 1121 nunquem
990 1048 1092 1120 aeque
1109 1049 1233 1124 graves
1250 1032 1285 1100 in
1305 1033 1379 1104 vita
1395 1033 1462 1119 dn-¹

162 1186 190 1231 „
217 1135 308 1207 iores
326 1131 497 1204 senserim.
523 1127 705 1201 Dominus
722 1143 757 1197 te
775 1125 812 1195 in
826 1125 901 1197 veri
911 1125 1120 1219 cognitione
1131 1126 1352 1200 corroboret.
1372 1130 1462 1224 Ora,

71 1283 72 1287 =
162 1282 191 1326 „
218 1256 299 1321 ora,
329 1230 456 1301 iterum
474 1245 580 1321 atque
598 1227 728 1295 iterum
747 1244 820 1294 ora.
839 1272 866 1312 „

211 1328 344 1424 Neque
369 1345 486 1396 autern
513 1324 616 1409 haec,
642 1341 757 1416 neque
780 1318 941 1415 aliaejus
958 1319 1015 1392 rel
1032 1316 1164 1414 scripta
1181 1320 1239 1393 vel
1256 1319 1349 1396 dicia
1367 1339 1469 1420 prae·'

163 1424 257 1499 clara
276 1431 326 1516 (a)
352 1424 409 1495 vel
436 1418 669 1492 sufflaminare
694 1417 924 1490 inimicorum
954 1415 1122 1506 consilia,
1158 1417 1214 1488 vel
1241 1421 1354 1517 Regie
1372 1424 1461 1498 iram

161 1543 342 1610 avertere,
374 1520 429 1590 vel
449 1518 591 1590 obicem
616 1537 748 1611 ponere
765 1532 931 1608 poterant
946 1512 1020 1608 qub
1037 1514 1153 1585 minus
1171 1517 1212 1584 ad
1232 1517 1352 1612 ignem
1371 1519 1462 1593 con·

161 1618 348 1706 demnata,
381 1615 581 1709 supremum
610 1609 743 1685 subiret
768 1610 1007 1707 supplicium:
1036 1608 1148 1681 Dicto
1167 1612 1278 1707 igitur
1294 1614 1462 1711 supplicii

160 1715 241 1807 die,
268 1718 304 1787 in
322 1714 440 1788 forum
460 1715 628 1808 equinum
648 1709 881 1806 producitur,
908 1707 989 1780 sella
1006 1709 1148 1804 quidem
1163 1707 1274 1801 fulta,
1293 1715 1462 1808 quoniam
1492 1713 1493 1717 ’

159 1812 310 1909 pedibus
337 1809 409 1908 ipsa
434 1812 600 1883 incedere
627 1830 701 1902 prae
720 1808 907 1880 tormentis
926 1806 1018 1879 baud
1038 1806 1177 1900 potuit:
1208 1807 1269 1880 Sic
1288 1811 1401 1906 igitur
1417 1809 1463 1887 ad

159 1911 280 2004 palum
311 1927 521 2007 perventum
549 1905 626 1997 est,
669 1903 730 1977 ubi
757 1924 880 1977 catena
906 1902 1017 1976 ferrea
1042 1926 1105 1999 per
1133 1903 1288 1978 medium
1316 1907 1463 2002 redu&a

159 2029 293 2102 corpus
318 2002 460 2078 affixam
487 2006 642 2078 tenebat.
685 2002 896 2099 Praeparatis
919 2002 993 2098 jam
1020 2002 1144 2091 rebus,
1179 2025 1258 2097 quae
1277 2003 1318 2075 ad
1339 2008 1462 2080 incen-

160 2104 259 2172 dium
279 2105 499 2193 pertinerent
516 2102 594 2189 (b),
621 2098 762 2171 tandem
780 2101 813 2169 ei
832 2098 946 2169 ailatae
967 2099 1059 2192 regis
1078 2099 1214 2190 literae,
1232 2124 1312 2196 quae
1323 2107 1463 2193 veniam

160 2204 382 2264 revocaturae
403 2195 585 2286 vitamque
604 2189 797 2280 offerrent,
824 2192 1138 2284 proponebantur,
1156 2217 1239 2287 quas
1251 2198 1461 2275 illatantum

159 2287 278 2378 abest,
305 2308 345 2360 ut
364 2285 661 2378 ampiesieretur,
687 2302 727 2356 ut
746 2308 791 2358 ne
807 2286 962 2381 aspicere
978 2287 1122 2382 quidem
1142 2287 1345 2366 sustineret:
1383 2298 1462 2369 Ad·

159 2386 349 2458 hibebatur
367 2384 403 2456 δε
425 2383 638 2473 Shaxronus,
663 2381 744 2475 qui,
774 2380 921 2477 publice
940 2405 1022 2457 cum
1044 2384 1272 2478 recantasset,
1299 2388 1461 2471 fimus&

159 2481 268 2577 ipsam
291 2479 471 2554 reflediere
489 2480 532 2551 ad
551 2480 643 2553 suam
664 2479 847 2552 levitatem
866 2481 974 2577 longa
989 2482 1150 2552 oratione
1169 2480 1370 2578 satagebam
1400 2490 1461 2562 cui

159 2602 234 2651 non
262 2580 377 2651 minus
405 2577 547 2649 fortiter
575 2577 632 2647 illa
661 2596 778 2653 tamen
805 2577 1039 2649 reclamabat:
1077 2578 1208 2672 Sicque
1227 2599 1284 2653 tot
1302 2589 1461 2660 exercitu

160 2675 354 2766 molestiis,
380 2694 436 2749 tot
464 2671 649 2768 perfundia
667 2677 876 2764 tormentis,
904 2671 1010 2745 finito
1029 2676 1140 2771 longo
1158 2700 1313 2771 agonum
1334 2679 1460 2778 cursu,
1510 2712 1512 2717 ·

157 2773 249 2847 sacra
280 2774 351 2844 Dei
387 2769 531 2842 vierima
558 2771 709 2842 flammis
736 2772 956 2844 circumdata
981 2773 1205 2844 obdormivit
1230 2777 1266 2848 in
1296 2777 1460 2855 Domino

157 2875 205 2942 A.
230 2880 332 2964 ¹54⁶·
369 2867 552 2964 singularis
579 2867 787 2940 constantiae
813 2870 868 2942 ves
897 2871 1034 2941 laudern
1063 2873 1260 2966 relinquens
1288 2877 1460 2973 posteris,

157 2992 263 3064 quam
282 2967 447 3040 admirari
467 2964 627 3062 poffent,
656 2965 712 3037 vel
730 2968 958 3062 exemplum,
985 2967 1080 3062 quod
1100 2968 1250 3044 debcant
1268 2974 1412 3048 imitari.

208 3066 319 3139 Erant
346 3067 382 3134 in
410 3065 535 3135 eodem
564 3085 656 3156 rogo
675 3087 758 3135 curn
778 3065 837 3136 illa
855 3065 1011 3161 impositi
1033 3070 1232 3159 pariterque
1249 3071 1364 3141 crusii
1385 3073 1460 3153 Ni·

160 3159 281 3232 colaus
307 3162 506 3235 Belenianus
526 3160 579 3252 (c)
605 3160 748 3255 quidam
748 3183 818 3329 xcx
846 3165 1022 3234 comitatu
1047 3165 1240 3257 Salopicnsr
1263 3168 1456 3356 SacJerqos:

162 3296 166 3309 .
806 3281 828 3328 x
858 3279 874 3354 3
1345 3289 1367 3334 o
1395 3290 1458 3340 an·

199 3449 248 3528 (a)
273 3449 400 3515 Horum
419 3453 581 3535 quadam,
598 3470 635 3516 ex
654 3449 767 3532 quibus
785 3450 814 3515 dt
832 3449 946 3533 ingenii
961 3401 1068 3534 vigor,
1086 3449 1116 3516 dr
1133 3450 1281 3518 doetrinae
1299 3458 1457 3552 puritas&

160 3529 231 3594 fidei
247 3534 415 3597 constantia
429 3537 575 3616 usquead
586 3551 762 3599 extremum
774 3534 983 3599 viraehalirum
993 3533 1210 3616 imperterrita,
1228 3540 1337 3624 colligi
1345 3547 1459 3631 potest,-
1554 3536 1564 3553 ³

159 3609 262 3689 aJon.
273 3615 406 3682 FOXO
422 3618 667 3684 Commentariis
685 3639 789 3682 rerum
807 3618 961 3700 gestatum
978 3620 1049 3682 sunt
1065 3619 1191 3702 inserta,
1211 3621 1458 3702 &Monens-

159 3692 302 3760 SP1N0
320 3701 414 3761 relata
430 3701 505 3764 inter
514 3701 851 3774 Atia&dsonimenta
859 3701 1038 3791 Martyrum
1049 3706 1111 3769 loc.
1121 3707 1173 3768 cit.
1192 3706 1455 3790 sol.147·150.b.

199 3779 251 3858 (b)
277 3778 303 3842 F
308 3778 441 3847 OXUS
462 3787 520 3849 l.c.
544 3786 631 3849 cons.
649 3783 830 3852 STRYPE
847 3786 1038 3853 Memmius
1052 3785 1176 3857 Eccles.
1194 3788 1309 3857 voit.
1326 3812 1395 3877 cap.
1404 3812 1457 3878 51.

19 3844 22 3849 ’
158 3860 310 3944 abab·
329 3860 401 3946 388·
471 3886 474 3891 ·
971 3895 973 3900 ’

197 3961 253 4045 (e)
274 3958 352 4032 Aci.
370 3960 401 4029 ἃ
417 3958 563 4032 Monim.
579 3958 716 4053 Matryr.
729 3966 760 4034 s.
778 3989 806 4038 c.
823 3968 884 4037 fol.
896 3987 969 4053 150.
978 3969 1009 4040 b.
1028 3988 1098 4054 151.
