3322 4456
778 389 797 440 ι
827 362 859 455 ·)

151 512 227 577 tate
251 496 403 598 cognita
428 489 637 605 egrederer,
670 368 883 602 cunltrjque
909 485 1025 585 palam
1053 483 1205 562 facerem
1227 509 1307 587 quac
1325 480 1387 568 sub
1404 483 1463 568 se'v

152 598 313 699 pulchris
331 595 407 705 istic
423 590 594 703 dealbatis
612 588 795 686 spurcttue
814 589 1028 662 latitarent..
1259 686 1265 700 Ι
1362 620 1363 623 “

150 695 441 888 ,3133333
453 708 578 881 3333
591 711 724 876 3333,
741 685 839 856 ¹33
854 682 1456 881 33333333333333

151 888 261 960 Hanc
287 885 423 980 quippe
447 882 579 993 habent
604 879 919 971 consuetudinem,
954 878 1051 989 quod
1078 877 1212 992 secreta
1237 879 1315 972 sua,
1349 883 1456 956 idest

152 982 202 1054 im
233 984 377 1072 ietates,
403 1002 556 1051 nov1cns
575 978 773 1051 occultant.
803 973 1105 1144 Quandoquidem
1125 997 1215 1050 certa
1231 976 1332 1089 sunt,
1359 980 1456 1074 quod

151 1007 272 1151 nullus
297 1100 452 1176 unquam
480 1076 590 1148 vellet
615 1075 708 1173 apud
735 1099 796 1149 eos
821 1075 865 1147 ad
894 1099 960 1171 pro
977 1071 1141 1146 effionem
1168 1094 1302 1170 recipi,
1330 1074 1456 1172 siquae

150 1176 250 1346 ppud
275 1199 336 1249 eos
364 1174 688 1342 ¹³1⁶¹¹Jrs¹¹⁰lls⁰³l⁸
714 1170 843 1342 fierelnt
868 1169 1063 1284 manifesta.
1106 1170 1458 1343 ·¹d)di⁶⁰qu⁰⁶·fmfii

150 1292 821 1466 ..33:333‘333333333335'3
837 1291 1268 1535 3333⁰3qlglr³33
1283 1290 1459 1461 3333:

150 1469 290 1550 crimen
316 1464 534 1561 inexpiabile
561 1463 615 1544 stt.
660 1465 798 1538 Verum
819 1455 843 1536 sr
864 1464 970 1537 semel
989 1487 1055 1561 pro
1093 1461 1234 1539 lironem
1255 1465 1457 1560 emiserint,

149 1564 242 1637 nihil
275 1561 327 1636 est
361 1562 459 1660 quod
486 1562 637 1659 amplius
663 1586 788 1635 eorum
815 1559 973 1636 scandala
999 1564 1162 1635 timeant.
1212 1564 1313 1638 Hinc
1338 1562 1457 1660 palim

78 1695 82 1700 ·
148 1658 217 1753 fit,
251 1659 351 1773 quood
378 1657 565 1734 Christum
593 1663 737 1758 potius,
771 1662 878 1756 quim
906 1657 1032 1734 sedium
1057 1657 1153 1732 suatn
1180 1658 1290 1734 deseri
1315 1662 1458 1735 volutit.

149 1757 255 1833 Dum
273 1780 369 1832 ennn
389 1758 521 1832 timent
539 1761 654 1857 magis
672 1757 907 1832 scandalizare
925 1759 1110 1849 novicios,
1129 1780 1174 1830 ne
1190 1758 1234 1830 ab
1253 1755 1336 1854 ipsis
1346 1757 1403 1831 dis
1443 1789 1459 1814 ι

148 1855 260 1950 daut,
293 1853 402 1953 quaint
429 1853 625 1953 professos,
660 1880 705 1930 ne
730 1854 918 1932 alClrtisto
937 1856 1161 1952 separentur:
1187 1855 1275 1952 quid
1294 1855 1388 1929 aliud
1406 1852 1459 1929 sa·

148 1954 280 2049 ciunt,
306 1952 415 2052 qulm
435 1954 534 2050 quod
551 1955 680 2051 seipsos
699 1955 811 2049 magis
830 1957 958 2028 timent
977 1953 1107 2046 descti,
1134 1951 1241 2049 quim
1254 1951 1461 2028 Christum?
1522 1994 1528 2003 ·

197 2052 401 2144 Completo
428 2051 560 2124 dehinc
587 2048 810 2145 probationis
836 2073 909 2123 tem
939 2075 1021 2141 ore,
1057 2069 1197 2123 tantum
1223 2073 1334 2124 annos
1362 2051 1460 2125 sede·

150 2146 226 2217 cim
236 2194 250 2233 ,
280 2147 319 2217 dc
338 2146 471 2214 menses
489 2147 627 2238 aliquot
645 2158 769 2234 natus,
797 2074 1045 2240 prosesllonem
1064 2145 1186 2236 ernist,
1212 2151 1353 2240 penitus
1373 2149 1462 2245 quid

151 2237 307 2315 facerem
332 2237 500 2310 nesciens.
537 2239 634 2310 Mox
654 2239 801 2311 internis
818 2260 942 2323 eorum
961 2242 1051 2310 mihi
1070 2238 1276 2334 patefaslia,
1301 2244 1463 2317 animad-

149 2339 246 2415 verti
273 2335 428 2411 multum
456 2336 550 2408 inter
577 2335 717 2409 interna
740 2333 963 2436 externique
988 2333 1140 2410 referre:
1176 2356 1249 2433 quo
1271 2339 1464 2435 magisne

150 2432 341 2511 coususunr
368 2433 413 2507 ab
439 2433 538 2506 omni
565 2454 642 2506 mea
666 2429 917 2530 expoliatione
943 2432 1237 2529 conspiciebam,
1277 2458 1321 2509 eo
1348 2437 1463 2534 magia

151 2530 285 2625 tristis,
310 2528 500 2619 adflidrus,
527 2529 789 2629 languidaeque
806 2532 985 2605 vivebam.
1028 2531 1122 2605 Non
1139 2553 1302 2629 poteram
1323 2536 1461 2608 tamdiu

143 2629 387 2724 concupitam
408 2630 538 2701 mentia
556 2628 709 2702 nancisci
728 2631 899 2725 quietem.
938 2627 1188 2702 contristabar
1206 2629 1287 2703 ideo
1306 2630 1341 2702 in
1359 2649 1462 2705 enter·

151 2728 330 2801 citatione
346 2743 446 2818 mea,
471 2726 510 2799 &
529 2725 772 2800 conturbabat
788 2729 832 2802 ab
846 2726 1044 2822 ,impiorum
1064 2726 1310 2801 tribulatione.
1337 2728 1460 2804 Voca-
1534 2741 1536 2749 ’

152 2844 212 2899 tur
232 2824 380 2897 demum
399 2825 442 2895 ad
461 2819 610 2896 salutare
628 2823 728 2897 verbi
744 2824 1005 2918 ministerium,
1032 2846 1206 2922 quantum
1228 2847 1284 2899 me
1302 2845 1374 2898 non
1392 2846 1462 2922 pro

54 2941 56 2944 ’
151 2920 298 2996 illorum
319 2939 409 2995 roto
428 2922 686 3017 praedicantem
705 2920 974 3015 discmciarint,
993 2921 1072 2997 satir
1091 2921 1220 2997 referre
1229 2944 1302 2995 non
1312 2923 1461 3021 possem.

153 3020 360 3094 Audiebant
379 3020 506 3116 populi
525 3018 675 3093 verbum
696 3020 790 3113 Dei,
817 3022 975 3118 illudque
993 3018 1186 3094 avidislime
1202 3021 1459 3119 suscipiebant:

154 3116 220 3189 soli
239 3138 357 3190 nutem
375 3118 453 3211 illi,
481 3116 573 3190 ficut
591 3117 726 3213 aspides
745 3118 859 3193 surde
877 3119 1137 3192 &obturantes
1155 3142 1253 3191 aures
1272 3119 1367 3209 suas,
1386 3139 1462 3192 non

154 3213 392 3287 exaudiebant
419 3237 547 3287 vocem
575 3211 741 3286 altissimi.
785 3214 941 3288 Aiebant
963 3214 1175 3303 omnifarie,
1210 3234 1251 3285 ut
1279 3216 1315 3287 &
1339 3216 1459 3288 adula-

153 3329 216 3382 tor
241 3309 280 3383 δι
308 3311 409 3383 verbi
426 3309 534 3384 sanbli
553 3309 694 3385 adulter
710 3306 840 3404 essem,
864 3311 993 3406 quibus
1012 3334 1085 3382 nnn
1103 3309 1281 3383 dissentire
1299 3334 1371 3383 non
1393 3335 1459 3410 po·

153 3424 279 3480 teram.

202 3502 288 3576 Post
314 3502 451 3577 multos
477 3505 631 3602 denique
655 3527 787 3597 annos,
812 3501 944 3577 elesius
963 3501 1006 3576 ad
1025 3503 1269 3579 universaliter
1286 3508 1460 3582 nunciam

148 3599 241 3685 dum
262 3599 380 3676 Chisti
401 3604 648 3702 evangelium,
675 3600 866 3698 sadus'que
883 3602 1101 3699 apostolicus
1121 3608 1178 3694 (ut
1197 3605 1344 3695 vocant)
1365 3629 1460 3700 prae·

153 3697 305 3770 dicator.
332 3699 468 3770 Praeter
487 3724 630 3774 crucem
648 3702 744 3775 illiue
764 3698 1019 3774 laboriofissrmi
1038 3700 1244 3793 ministerii,
1271 3724 1370 3776 erant
1389 3705 1458 3775 rni-

155 3795 194 3869 bi
219 3795 272 3866 illi
300 3795 539 3870 continua&
567 3799 688 3872 eadem
716 3799 953 3873 intolerabilis
971 3821 1082 3871 crux:
1116 3799 1323 3896 apostolicis
1341 3821 1459 3874 autern

153 3891 456 3995 predicatoribus
481 3894 691 3991 impositum
709 3895 785 3995 est,
809 3918 851 3973 ut
869 3897 1112 3998 apostolorum
1131 3921 1233 3973 more
1252 3915 1316 3996 per
1333 3898 1461 3972 orbem

1373 4016 1493 4093 12¹⁰».-
1631 4011 1636 4015 ’
