3322 4456
140 293 363 377 ›Aveaion
510 288 1148 374 RENOVATI.
1435 320 1485 392 ²7

321 429 522 504 Innocuam
543 414 602 500 hie
621 423 723 522 degit
741 418 836 496 easta
854 439 937 491 euro
956 425 1111 519 conjuge
1129 423 1262 518 vitam,

321 514 1174 717 minelumlumle,

335 805 337 807 ¹
369 719 499 792 Gallus
518 720 553 787 in
574 708 739 785 Haffiaco
759 706 830 779 fata
846 704 1007 801 suprema
1024 707 1113 779 solo.

323 814 410 887 Nec
430 816 544 905 longo
561 808 676 903 spatio
695 806 831 898 conjux
851 801 979 874 dileela
998 805 1150 897 marito,

372 904 610 979 Confimilem
629 904 755 976 mortis
772 902 890 998 coepit
908 903 998 973 inire
1015 901 1122 973 viam.

230 1048 320 1124 Erat
338 1051 394 1122 vir
413 1051 491 1147 pius
509 1051 582 1144 (a),
615 1048 797 1142 eruditus,
829 1041 991 1122 laborum
1012 1043 1302 1144 patientissimus,
1328 1049 1480 1148 flagran.

183 1144 311 1222 tissimo
338 1172 403 1246 pro
427 1149 575 1222 veritate
592 1149 715 1247 agnita
732 1146 825 1318 zelir)
833 1147 1030 1244 praeditus,
1058 1146 1163 1220 variis
1181 1143 1338 1220 fortuna
1357 1148 1480 1263 discri-

854 1267 876 1318 ι
1413 1271 1480 1322 mr·

219 1441 270 1519 (a)
294 1436 419 1503 Pietatis
443 1437 511 1517 ejus
536 1437 688 1520 fingulare
709 1436 865 1521 specimen
881 1435 1030 1502 elucescit
1047 1456 1085 1502 er
1102 1435 1169 1518 ejus
1187 1436 1302 1503 secessu
1321 1436 1461 1506 Metensr
1472 1488 1482 1523 ‚
1527 1426 1532 1435 ⁸

180 1541 279 1605 quem
301 1521 370 1604 poll
395 1523 541 1605 previam
566 1520 711 1584 fidelium
735 1520 956 1600 vocationem,
988 1520 1195 1602 &repetitam
1213 1523 1309 1587 divini
1326 1521 1481 1592 Numinis

177 1605 464 1686 consultationem,
484 1604 627 1690 fingulari
644 1606 718 1669 zelo
726 1600 861 1668 Domini
876 1604 1073 1668 exercituum
1087 1603 1219 1684 dudm,
1236 1606 1384 1692 suscepit,
1401 1625 1482 1681 tam·
1537 1602 1539 1607 ’

176 1688 230 1753 etfi
253 1687 440 1775 gravisiimae
465 1708 599 1772 quoque
624 1701 748 1772 propter
772 1686 932 1752 Christum
948 1689 1116 1752 subeunde
1134 1689 1186 1772 ipfi
1204 1688 1345 1754 iuliarent
1363 1691 1482 1759 Peffio·

176 1791 231 1838 ner
247 1775 336 1838 conf.
353 1773 444 1837 Pras.
461 1775 502 1853 ej.
520 1772 551 1836 in
568 1771 683 1856 Propi.
695 1771 799 1836 Mieh.
816 1771 847 1835 de
863 1769 1349 1854 trasldevocationefidelium,
1366 1792 1481 1859 exque

175 1875 276 1940 pauca
292 1858 427 1940 quadam
446 1874 481 1922 ut
497 1857 547 1921 hic
566 1860 725 1938 legantur,
744 1875 809 1920 non
826 1856 1072 1936 inopportunum
1084 1855 1287 1935 judicabam
1305 1859 1344 1922 ita
1363 1878 1438 1923 vero
1457 1864 1480 1927 is

178 1959 209 2034 p.
230 1958 278 2021 19.
289 1943 318 2003 b.
351 1942 381 2006 dt
400 1959 450 2004 20.
461 1961 488 2007 a.
531 1987 553 2021 „
571 1938 647 2005 Scio
671 1959 731 2024 ego
758 1939 788 2004 ἃ
810 1939 887 2002 novi
903 1937 1030 2003 fratrem
1048 1959 1168 2022 unum,
1194 1942 1248 2024 qui
1264 1944 1434 2024 aliquando
1451 1947 1482 2009 in

179 2068 201 2108 „
221 2023 398 2108 gravissima
414 2024 632 2110 perplexitate,
657 2024 745 2108 super
760 2023 929 2103 vocatione
946 2022 1000 2087 sua
1015 2023 1130 2108 positus
1147 2041 1229 2105 erat,
1254 2026 1283 2090 dr
1301 2027 1331 2089 id
1351 2029 1483 2109 quidem

176 2109 200 2200 ᾗ,
222 2107 283 2190 lie,
315 2124 351 2174 ut
375 2114 482 2174 multo
507 2123 648 2192 tempore
668 2111 758 2174 nulla
773 2106 907 2173 omniuo
922 2125 981 2190 pror
997 2107 1045 2172 illi
1061 2107 1153 2188 esser,
1178 2108 1292 2174 dfacie
1308 2101 1480 2176 saevirlime

176 2234 199 2273 ,‚
219 2193 426 2279 perplexitatis
444 2190 549 2272 hujus.
593 2192 622 2254 ls
640 2207 710 2255 tum
727 2191 835 2255 eratin
853 2192 1020 2256 vocatione
1037 2211 1118 2272 uua,
1142 2211 1239 2274 quam
1257 2192 1287 2258 dr
1305 2214 1361 2259 exe
1388 2197 1481 2260 ueba-

177 2315 202 2354 ‚‚
222 2289 284 2339 tur.
327 2276 458 2342 Interim
482 2288 588 2337 autem
613 2271 821 2336 solicitabatur
844 2272 860 2334 ὲ
886 2275 1014 2356 multis,
1042 2291 1077 2337 ut
1092 2276 1156 2338 alin
1173 2293 1321 2358 pergeret.
1407 2281 1483 2344 trin-

177 2398 201 2438 „
224 2376 286 2442 que
308 2360 470 2426 videbatur
488 2354 668 2436 necesiitas,
693 2355 733 2419 ita
750 2371 784 2421 ut
801 2373 913 2435 magne
929 2376 995 2440 pars
1012 2357 1145 2421 fratrum
1161 2357 1353 2439 adsererent,
1378 2363 1481 2426 dimit·

98 2453 101 2456 ⁴
179 2443 349 2520 „tendam
371 2447 505 2529 priorem
531 2439 754 2518 vocationem,
785 2454 908 2520 propter
924 2440 1106 2503 secundam.
1151 2439 1217 2501 Alii
1234 2455 1339 2505 autem
1358 2446 1482 2539 opposr·

181 2564 205 2607 „
226 2535 297 2586 tum
313 2525 535 2607 decernebant,
559 2524 589 2589 de
606 2525 634 2587 hi
650 2526 753 2607 plures
770 2520 899 2602 reliquis
915 2538 1011 2584 erant.
1036 2523 1163 2586 Verum
1179 2520 1311 2585 istorum
1329 2541 1482 2607 rationes,

183 2645 206 2683 „
230 2602 343 2687 quibus
358 2608 549 2689 adserebant,
573 2629 637 2674 uon
655 2605 858 2674 deserendam
872 2604 1012 2687 priorem
1030 2605 1254 2685 vocationem,
1278 2609 1427 2671 nonnulli
1444 2612 1483 2676 ad

179 2699 202 2767 ,'‚
225 2704 352 2756 earnem
376 2690 511 2777 spedlare
535 2694 694 2774 dicebant,
718 2712 758 2757 eo
776 2687 864 2774 quod
882 2688 911 2751 in
927 2686 1031 2770 priore
1048 2686 1217 2752 vocatione
1233 2704 1297 2754 erat
1315 2709 1371 2767 par
1389 2690 1419 2757 dt
1437 2693 1484 2758 se·

177 2790 200 2852 e,
222 2775 335 2840 coritas
353 2775 369 2839 d
389 2780 495 2844 multis
512 2776 675 2861 perieulis:
693 2778 724 2842 in
740 2777 800 2841 alia
815 2788 891 2836 vero
909 2769 1371 2858 multaeeademgravrffima,
1389 2777 1483 2846 etiam

176 2899 200 2936 ,‚
224 2859 335 2921 mortis
359 2862 517 2941 pericula,
545 2876 640 2926 eraut.
685 2861 811 2926 Verum
827 2860 946 2938 absque
964 2855 1181 2936 fimilitudine,
1204 2859 1308 2941 major
1322 2860 1482 2927 srudlusd

177 2984 199 3023 „
222 2938 391 3036 posteriorc
416 2942 584 3007 vocatione
605 2943 789 3025 sperabatur.
819 2943 918 3007 inter
941 2957 1018 3003 vero
1042 2941 1106 3007 haec
1128 2942 1222 3008 animi
1237 2943 1369 3024 diffidia,
1393 2949 1485 3012 nulla

177 3066 200 3103 „
224 3036 289 3086 erat
306 3022 421 3086 mrsero
436 3024 577 3103 requies,
599 3039 635 3088 ut
650 3030 779 3110 quidem
796 3027 930 3092 vixdum
945 3023 1095 3090 somnum
1113 3041 1244 3110 caperet.
1272 3027 1409 3092 Proinde
1427 3050 1483 3093 eo-

178 3152 201 3195 „
226 3125 298 3203 rum
315 3105 641 3191 quaeppraeseripfimus
656 3128 798 3194 memor,
827 3110 928 3175 oravit
943 3109 1131 3190 dominum,
1155 3125 1189 3172 ut
1209 3113 1288 3176 haue
1305 3114 1484 3179 contradic·

179 3236 201 3270 „
226 3204 345 3254 tionem
365 3189 447 3254 sorte
463 3189 638 3267 dirimeret,
656 3189 787 3259 &adid
803 3193 937 3259 servavit
953 3213 989 3256 ea
1005 3213 1076 3276 quae
1092 3193 1259 3259 novissime
1276 3195 1411 3260 diximus
1425 3199 1483 3263 ob·

179 3319 202 3355 „
225 3272 394 3354 servanda,
418 3275 496 3339 dum
523 3274 555 3339 in
572 3271 662 3337 rebus
675 3273 778 3354 seriis,
801 3277 912 3343 dream
929 3277 1100 3359 perplexis,
1117 3276 1237 3340 domini
1254 3278 1484 3359 beneplacitum

177 3370 202 3442 „
225 3357 404 3442 requiritur.
448 3357 568 3508 Sicpue
591 3374 629 3420 er
652 3354 717 3419 fide
740 3356 771 3420 de
815 3361 1014 3436 ostmultam
1031 3360 1225 3439 orationem,
1249 3359 1330 3423 mifit
1344 3358 1481 3449 sortem,

180 3487 202 3522 „
227 3442 257 3506 de
284 3444 348 3509 sors
365 3444 477 3511 cecidit
513 3459 591 3528 uper
607 3441 773 3506 vocatione
819 3445 933 3509 cunda.
977 3441 1123 3510 Demum
1140 3443 1225 3510 fauo
1242 3444 1482 3525 intervallo,&
1557 3468 1562 3476 ·

182 3567 204 3602 „
224 3544 352 3592 memor
368 3531 607 3624 periculorum,
623 3524 654 3589 in
672 3545 744 3608 quae
761 3522 792 3587 se
808 3525 1008 3608 conficiebat,
1025 3529 1144 3609 oravit,
1162 3543 1197 3592 ut
1215 3529 1234 3591 li
1251 3549 1327 3594 eom
1344 3530 1483 3597 servaru-

182 3649 206 3684 „
228 3625 278 3672 rus
293 3628 356 3675 erat
370 3615 406 3676 ab
422 3614 589 3692 omnibus,
606 3609 636 3675 dt
655 3609 838 3674 liberaturus
855 3611 891 3676 ab
909 3611 1173 3678 Antichristorum
1191 3614 1351 3696 manibus,
1369 3630 1483 3679 utnon

183 3733 206 3769 „
231 3690 425 3759 clauderetur
449 3697 583 3761 omnino
606 3715 662 3777 os,
693 3695 791 3759 deum
816 3691 940 3764 laudare
963 3697 1118 3777 volentis,
1149 3699 1352 3764 confirmaret
1368 3701 1482 3763 iterum

183 3819 204 3854 ,‚
228 3768 310 3869 sorte
324 3782 452 3843 eandem
470 3778 691 3858 vocationem,
715 3778 745 3842 de
763 3777 829 3843 sort
849 3777 891 3842 sse
906 3793 942 3843 ut
955 3795 1028 3846 ante
1044 3781 1167 3846 eeeidit.
1198 3781 1272 3848 Post
1288 3784 1411 3864 aliquot
1428 3784 1482 3844 de·

179 3901 205 3945 ¹„
227 3874 326 3940 mque
349 3858 456 3943 horas,
487 3881 613 3929 memor
638 3861 827 3945 Gedeonis,¹
850 3861 959 3946 quiin
981 3868 1101 3932 vellere
1121 3868 1153 3934 in
1167 3865 1391 3949 area,»futurae
1409 3867 1483 3928 belli

1372 3995 1395 4028 aa
1417 3947 1484 4025 '¹59'
