3322 4456
214 188 231 228 N

207 336 276 412 3¹2
410 296 795 391 trrs'rottra
837 292 1293 388 EVANGELII
1345 320 1518 419 A.1542.

255 434 329 506 111.
362 433 419 508 Ut
452 432 583 507 librum
616 429 661 504 ab
698 422 891 526 Episcopis
912 425 1052 504 editum
1077 433 1117 508 de
1141 437 1345 532 institutione
1369 446 1515 522 hominis

207 531 380 622 christiani
399 529 672 628 sedulblegant.
1020 567 1050 580 --

257 628 328 701 IV.
356 629 410 702 Ut
429 631 490 726 qui
509 628 692 701 beneficiis
711 647 782 699 non
799 620 943 717 adsunt,
964 624 1150 704 Diaconos
1164 630 1517 738 suosvelministros,

210 727 465 802 examinandos
484 727 525 799 ad
545 726 577 799 Ie
594 728 751 801 mittant.

261 823 311 897 V.
336 825 394 900 Ut
421 824 641 898 Paroclriales
667 826 745 898 suos
770 820 898 920 saepius
923 821 1187 919 exhortentur,
1213 853 1272 902 *ne
1299 831 1519 910 clandestina

213 924 427 997 contrahant
446 923 682 997 matrimonia.
1035 963 1041 977 ·

262 1019 332 1094 Vl.
359 1023 423 1095 Ne
457 1023 563 1096 ullius
597 1017 700 1091 antea
724 1018 867 1091 uxorati
895 1018 1126 1094 matrimonio
1153 1018 1252 1118 prilrs
1279 1025 1519 1125 benedicant,

215 1115 322 1213 quarn
343 1118 386 1192 de
407 1120 573 1214 conjugis
591 1115 695 1187 obitu
714 1114 815 1188 certb
834 1114 985 1188 constet.

264 1215 356 1288 Vll.
383 1216 439 1288 Ut
467 1215 597 1285 liberos
623 1213 658 1282 in
689 1211 834 1308 lingulis
852 1210 1181 1285 coetibusdoceant
1203 1218 1361 1312 Anglice
1379 1223 1519 1318 legere,

215 1311 291 1405 qub
319 1312 404 1409 quid
432 1309 668 1396 credendum,
704 1309 886 1401 quomodo
913 1308 1109 1401 orandum,
1144 1313 1180 1384 δ(
1201 1335 1270 1406 qua
1289 1321 1428 1392 ratione
1448 1322 1522 1394 vita

211 1409 319 1508 juxta
338 1408 409 1479 Dei
430 1407 649 1477 voluntatem
671 1403 883 1478 instituenda
904 1405 968 1498 stt,
994 1405 1172 1481 addiscere
1191 1432 1334 1504 queant.

265 1502 381 1576 VIII.
407 1503 463 1577 Ut
482 1501 598 1575 verbis
617 1503 842 1598 &exemplo
861 1502 1037 1587 discordes
1055 1508 1249 1581 conelliare
1269 1507 1441 1583 studeant.

264 1599 336 1672 IX.
363 1598 420 1672 Ut
439 1601 616 1671 neminem
636 1598 679 1670 ad
698 1599 827 1674 sacram
847 1602 1037 1676 admittant
1050 1606 1232 1698 Synaxin‚
1251 1609 1314 1700 qui
1333 1630 1405 1680 non
1421 1605 1522 1704 priits

215 1695 355 1770 Pallori
375 1694 437 1767 suo
457 1714 605 1791 peccata
624 1694 682 1766 sua
700 1698 876 1770 consessus
895 1697 1026 1769 suiss'et.

264 1791 314 1865 X.
341 1791 397 1863 Ut
424 1792 555 1863 nemini
584 1792 814 1886 permittatur
840 1793 897 1865 die
923 1793 1120 1867 Dominica
1146 1793 1204 1866 vel
1228 1791 1325 1866 seriis
1353 1814 1520 1892 tempore

217 1887 338 1964 culrfis
356 1889 467 1960 divini
486 1888 678 1983 Cauponas
696 1886 941 1986 frequentare,
966 1892 1024 1964 vel
1044 1894 1174 1966 illicito
1193 1893 1246 1963 uti
1266 1891 1356 1965 lusu.

267 1986 340 2059 XI.
365 1985 423 2059 Ut
444 1986 571 2082 quovis
590 1985 837 2082 quadrimellri
858 1988 991 2085 septem
1011 2011 1159 2088 peccata
1176 1991 1342 2063 mortalia
1361 1991 1398 2067 bc
1418 1989 1523 2066 deca·

219 2083 257 2156 lo
288 2107 348 2155 um
367 2082 506 2179 populo
524 2082 577 2155 bis
595 2084 794 2180 explicent.

307 2181 360 2256 Il.
386 2181 443 2255 Ut
470 2181 587 2256 nullus
615 2181 788 2262 Sacerdos
814 2187 852 2261 in
869 2185 1065 2285 publicum
1094 2185 1246 2287 prodeat
1270 2185 1404 2285 absque
1429 2185 1526 2262 veste
1634 2189 1640 2197 '

218 2277 277 2356 sua
294 2278 515 2356 sacerdotali.

265 2380 380 2456 XIII.
406 2379 463 2455 Ut
481 2378 599 2455 nullus
618 2379 789 2458 Sacerdos
807 2382 849 2457 ad
868 2374 1115 2458 celebrandam
1135 2381 1278 2456 Missam
1290 2381 1525 2475 admittatur,

219 2481 282 2596 qui
305 2505 377 2555 non
404 2475 505 2580 prilts
532 2481 688 2554 mandati
712 2482 831 2558 literas
850 2481 1034 2582 Episcopo
1051 2480 1111 2554 vel
1127 2483 1204 2577 ejus
1222 2478 1387 2578 delegato
1407 2479 1526 2555 osten·

220 2581 380 2751 dlleV.
407 2676 464 2747 Ut
483 2676 659 2773 populum
680 2676 770 2750 scrib
789 2678 1002 2765 hortentur,
1028 2693 1071 2747 ut
1091 2658 1374 2770 ablasphemiis,
1400 2655 1545 2741 convi?

220 2770 307 2863 tiis,
348 2771 546 2860 adulterio,
581 2770 840 2858 fornicatione,
875 2770 1189 2853 comessationibus
1215 2771 1253 2835 &
1278 2763 1452 2832 ebrietate
1476 2761 1526 2832 se·

221 2867 310 2938 dulb
340 2868 402 2937 fibi
430 2884 599 2937 caveant:
635 2887 713 2934 reos
738 2862 826 2934 verb
844 2863 991 2933 istorum
1010 2860 1203 2928 crimmum
1222 2856 1389 2950 proxima
1406 2854 1527 2932 vilita-

220 2960 684 3132 tlOXeVd.ellstanditcerdotes
707 3028 751 3121 ab
769 3047 869 3118 omni
888 3047 965 3122 lusu
983 3045 1114 3121 illicito
1130 3045 1348 3139 abstineant,
1376 3070 1442 3122 nec
1461 3051 1527 3125 nin

223 3183 265 3233 ur
295 3179 376 3231 ente
395 3155 511 3249 aliqua
530 3144 730 3222 ncccffitate
749 3147 785 3216 in
804 3168 982 3241 cauponas
1000 3148 1057 3221 vel
1074 3146 1264 3239 diversoria
1281 3146 1527 3225 se'conserant.

266 3182 382 3331 XVI.
409 3254 464 3327 Ut
484 3248 571 3321 nulli
594 3245 690 3338 ludi,
717 3246 754 3317 in
774 3244 945 3321 Ecclefiis
963 3247 1174 3322 tolerentur.

269 3356 404 3429 XVII.
431 3350 488 3423 Ut
514 3344 622 3417 nullae
649 3344 865 3435 conciones,
900 3345 1041 3419 duobus
1060 3346 1117 3417 vel
1137 3344 1251 3418 tribus
1269 3341 1527 3441 posterioribus

220 3453 347 3528 seculis
365 3443 564 3543 conpositae
585 3444 749 3542 legantur
767 3466 834 3540 pro
851 3443 1044 3542 suggestu,
1071 3441 1127 3516 sed
1146 3462 1186 3516 ut
1205 3442 1455 3515 concionaturi
1474 3446 1529 3516 in·

220 3572 364 3652 tegrum
386 3544 622 3641 Euangelium
643 3543 699 3616 v'cl
722 3543 942 3637 Epistulam,
965 3545 1071 3638 juxta
1088 3543 1312 3643 quorundam
1332 3538 1377 3611 ab
1399 3541 1529 3615 Eccle-

220 3649 269 3725 sra
286 3652 474 3747 Anglicana
494 3644 725 3738 probatorum
745 3640 951 3715 Doctorum
963 3662 1120 3712 mentem
1131 3640 1335 3736 explicent:
1356 3639 1398 3711 iis
1408 3661 1525 3714 autern

218 3748 310 3824 locis
328 3743 512 3847 praecipue
532 3741 712 3835 infislant,
732 3742 793 3838 qui
812 3741 853 3812 ad
873 3736 1098 3812 excitandam
1116 3738 1371 3828 devotionem,
1391 3758 1527 3833 preces,

351 3872 380 3925 ru
406 3869 516 3946 opera
542 3841 706 3936 faciunt,
740 3859 848 3938 atque
874 3839 1092 3935 ceremonias
1121 3835 1297 3912 Ecclesrae
1323 3837 1528 3998 explaaept.

1486 3948 1528 3999 n·
