3322 4456
150 301 315 398 bosor.
487 292 528 369 R
577 291 611 369 E
660 288 703 367 N
751 289 790 364 O
839 282 878 361 V
926 287 960 363 A
1007 289 1045 365 Τ
1094 294 1127 368 1.
1381 316 1451 392 ¹7⁹

21 478 28 484 -
149 425 268 521 (quod
293 418 452 521 graviter
477 419 639 516 queritur
664 414 845 489 Luthetus
865 413 963 507 (a)‚)
992 416 1030 488 de
1055 418 1218 513 capitibus
1233 439 1324 495 vera
1341 420 1447 494 cara·-

139 523 261 617 stiaaae
280 526 458 608 anatona,
482 541 564 607 noo,
588 516 627 585 de
637 512 819 606 fide,spe‚
837 512 1024 601 charitate,
1040 513 1255 610 baptismate,
1264 516 1366 613 sarra
1382 542 1445 591 eoo·

148 644 214 710 aa,
247 643 303 690 nec
327 616 365 686 do
392 616 478 708 lege,
507 614 673 706 peccatis,
706 624 831 696 morte,
860 606 960 679 libero
977 607 1141 703 arbitrio,
1160 622 1300 710 gratia,
1326 639 1390 690 noro
1405 615 1445 693 de

151 717 305 803 Christo,
338 710 376 780 de
395 708 491 798 Deo,
514 707 644 802 judicio
660 703 848 795 novifflroto,
873 704 968 793 calo,
993 699 1143 796 inferna,
1166 724 1228 782 aot
1245 713 1284 782 de
1301 712 1448 808 Eccasta

149 813 193 893 &
203 808 391 902 sterilibus,
421 826 492 897 qaae
504 801 593 894 seire
610 817 733 895 oportet
751 796 998 894 Christianam,
1025 797 1068 879 ἐξ
1086 801 1283 897 adsalutem
1291 807 1372 900 sotor
1389 832 1447 881 ne·

151 909 309 999 ceffaria3
336 901 399 994 sed
423 901 461 969 de
488 900 646 990 Popatu,
680 900 901 971 Concilioruroo
924 895 1082 983 decretis,
1107 896 1310 990 tortoribus,
1334 905 1446 977 indoti·

146 1009 291 1099 gentas,
313 999 524 1092 purgatorio,
549 995 663 1089 aiffa,
690 995 901 1080 Academiis,
925 995 1015 1064 votis
1031 992 1237 1087 monasticis,
1259 995 1449 1090 Episcopis,

152 1095 407 1180 traditionibus,
427 1095 517 1162 culta
528 1091 737 1183 fioaitoram,
753 1094 848 1162 novis
856 1089 1094 1186 sacramentis,
1109 1091 1377 1187 quibasEcciesta
1387 1116 1450 1166 aon

151 1195 243 1263 mato
254 1187 356 1284 potest
364 1187 585 1284 saluberrimi
601 1209 732 1278 carere,
757 1190 993 1259 verumetiam
1010 1209 1048 1257 aa
1065 1188 1205 1282 cooststit
1220 1189 1370 1285 quidem,
1388 1193 1449 1284 nist

152 1291 196 1360 iis
212 1303 273 1359 aut
289 1299 423 1376 eareat,
448 1298 509 1356 aut
524 1286 566 1356 iis
578 1304 640 1377 pro
657 1284 758 1357 libero
774 1284 917 1355 arbitrio
933 1298 1064 1355 ortatur.

198 1383 295 1466 Haec
313 1400 412 1452 erant
431 1379 491 1451 illa
505 1402 585 1474 quae
596 1376 805 1453 defendebat
817 1378 1019 1468 Henricus‚
1039 1378 1164 1452 &haec
1174 1381 1271 1453 Fides
1282 1379 1449 1472 illaerat,

151 1480 253 1578 cujus
279 1476 415 1572 defensa
442 1477 632 1570 praemiom
661 1473 720 1547 ille
747 1493 824 1547 tum
851 1472 1024 1549 referebat
1043 1476 1189 1549 titulum
1209 1477 1368 1551 aLeone
1385 1475 1448 1550 da·

152 1595 255 1668 tum,
290 1576 327 1649 &
354 1571 483 1647 deinde
509 1571 633 1670 Rosam
657 1594 793 1646 auream
812 1570 866 1664 (b)
892 1570 936 1644 ab
956 1569 1140 1644 Hadriano
1160 1573 1350 1666 donatam,
1376 1596 1450 1668 quo

153 1690 308 1769 utroque
334 1690 452 1743 tamen
478 1667 575 1744 dono
601 1671 629 1740 is
657 1669 707 1743 ita
733 1666 901 1764 deinceps
926 1666 978 1741 est
1004 1665 1106 1761 usus,
1132 1689 1173 1742 ut
1187 1669 1357 1742 datorum
1377 1692 1452 1744 non

151 1770 268 1843 multo
294 1767 374 1865 post
394 1767 589 1861 poeniteret
607 1763 824 1857 Pontifices,
850 1765 904 1837 uti
921 1763 982 1838 suo
1002 1765 1085 1838 loco
1103 1764 1256 1840 dicetur.
1300 1766 1352 1839 Hi
1371 1764 1452 1841 sunt

153 1866 306 1961 denique
332 1865 384 1936 illi
411 1862 554 1938 articuli
573 1868 626 1955 (c)
661 1885 813 1959 quorum
841 1881 1021 1960 praetextu
1048 1882 1105 1937 tot
1130 1861 1305 1960 myriades
1331 1861 1452 1935 homi·

154 1985 262 2054 num,
296 1961 418 2034 Roma
443 1959 479 2034 id
506 1979 678 2061 urgente,
712 1959 770 2034 vel
795 1958 859 2035 sub
886 1959 1055 2033 carnifice
1080 1959 1137 2032 vel
1155 1960 1332 2035 bellorum
1353 1957 1453 2033 furiis

183 2078 350 2132 atterunt.

155 2082 178 2153 p
203 2154 343 2221 Interea
368 2169 507 2236 tamen,
532 2150 654 2221 eadem
679 2148 738 2218 ina
759 2147 1032 2242 Disputatione,
1062 2156 1157 2246 (quoe
1177 2151 1196 2223 ὲ
1214 2151 1378 2226 Luthero
1397 2153 1451 2223 vi·

156 2242 284 2338 gorose
320 2244 449 2331 nimis,
491 2242 528 2312 δε
566 2241 767 2335 posthabita
797 2265 901 2336 quam
930 2245 1114 2344 Majestati
1143 2249 1274 2341 Regiae
1301 2248 1455 2324 debebat

157 2336 384 2411 veneratione
409 2334 676 2420 instituebatur)
704 2334 836 2409 fabium
863 2337 934 2432 est,
967 2362 1007 2412 ut
1035 2338 1137 2413 tanto
1165 2345 1277 2435 magis
1301 2341 1454 2437 Episco-

158 2436 241 2531 pis,
286 2434 322 2507 &
350 2431 531 2521 Clericis,
573 2433 713 2526 totique
741 2432 937 2505 Pontificio
964 2437 1152 2529 Choragio
1178 2437 1323 2507 exosum
1353 2437 1456 2508 fieret

158 2531 312 2603 Lutheri
340 2531 377 2603 &
405 2527 694 2600 Luthrranorum
723 2551 875 2618 nomen,
902 2527 1037 2623 quanto
1057 2531 1168 2627 magis
1185 2530 1260 2627 ejus
1281 2528 1458 2605 Destrina

157 2626 380 2727 quorundam
407 2623 440 2697 se
465 2622 663 2697 infinuobat
682 2625 828 2716 animis,
853 2648 984 2722 eosque
1002 2627 1045 2699 ad
1064 2625 1377 2701 Reformationem
1397 2649 1457 2703 ur·

14 2747 15 2751 ’
155 2725 307 2824 gendnm
329 2725 365 2799 ὅ(
383 2720 603 2795 ambiendam
621 2719 884 2799 exstimulabant.

201 2823 284 2896 Rex
305 2820 447 2909 saltem,
466 2815 693 2892 v‘ehementer
711 2818 770 2893 illa
788 2817 942 2892 Lutheri
960 2818 1185 2915 responsione
1202 2819 1454 2912 exacerbatos,

154 2922 252 2992 omni
273 2919 372 3010 nisu,
398 2914 492 2990 ferro
513 2915 548 2987 &
568 2918 651 3026 igne
667 2913 827 2989 adversus
842 2915 1110 2992 Lutheranismi
1130 2917 1187 2993 vel
1205 2916 1379 3016 suspeiios
1397 2919 1456 2993 vel

155 3039 233 3088 reos
258 3015 402 3106 saevire,
437 3036 502 3085 nec
529 3035 720 3108 quicquam
739 3036 863 3086 eorum
883 3016 1072 3106 omittere,
1097 3038 1179 3110 quae
1197 3017 1239 3088 ad
1257 3018 1455 3111 exstirpan-

155 3113 235 3185 dam
256 3114 350 3184 illam
370 3109 494 3182 sediam
515 3105 628 3183 facere
646 3129 823 3205 poterant.
862 3111 923 3203 Sic
942 3113 1036 3184 enim
1055 3113 1180 3185 eodem
1201 3114 1272 3185 hoc
1292 3114 1336 3184 A.
1352 3134 1455 3202 1521.

155 3208 192 3278 d.
221 3230 278 3281 20.
298 3207 471 3280 Odtobris
498 3205 552 3298 (d)
595 3205 638 3277 ad
673 3231 796 3278 omnes
831 3206 1025 3279 Dioceseos
1052 3212 1285 3301 Liacolnionfis
1307 3207 1455 3296 judices

758 3301 838 3371 Zz
1413 3324 1455 3375 ac

198 3397 247 3477 (a)
272 3395 367 3480 Apud
386 3392 625 3462 SECKEND.
642 3393 759 3459 Histor.
775 3393 888 3458 Luthr.
904 3396 929 3458 Ι.
956 3395 986 3477 §-
1005 3393 1135 3460 CXVI.
1159 3395 1218 3461 fol.
1238 3395 1307 3475 189.

198 3481 249 3559 (b)
277 3479 328 3543 De
341 3480 422 3559 Rasa
437 3503 537 3543 aurea
554 3480 640 3543 dono
657 3493 722 3544 tum
739 3477 886 3557 temporis
896 3477 1090 3563 Pontificio,
1108 3481 1195 3547 conf.
1211 3479 1328 3547 Iatrod.
1344 3481 1378 3543 ia
1394 3478 1456 3551 Hi·

151 3561 227 3640 star.
245 3562 376 3639 Reform.
397 3586 426 3706 pi.
446 3583 463 3627 ι
490 3583 516 3626 ι.
542 3563 719 3627 &docum
735 3560 774 3625 ad
790 3558 894 3627 Tom.
910 3562 955 3630 ΙΙ.
976 3585 1007 3648 p.
1030 3582 1077 3633 ιο.
1097 3583 1146 3627 rr.

202 3645 252 3718 (c)
278 3643 391 3707 SECK
429 3644 464 3709 N
504 3644 614 3711 ORF.
632 3648 654 3710 l.
669 3665 698 3713 c.

200 3727 253 3802 (d)
279 3723 376 3789 Fox
397 3726 618 3792 Ecclesiastico
639 3727 756 3793 Histor.
774 3725 926 3793 Tomll.
942 3728 1000 3795 fol.
1012 3744 1062 3811 39.
1088 3728 1139 3810 qui
1155 3727 1247 3809 ipsam
1267 3728 1362 3874 Regis
1381 3727 1454 3808 Epi·

159 3808 268 3870 nomm
287 3825 323 3866 ex
345 3809 547 3891 Autogropbo
564 3812 701 3895 exhibet,
718 3831 789 3896 quae
807 3811 836 3875 dt
855 3811 965 3896 legitur
981 3810 1012 3875 in
1027 3811 1171 3875 Conciloo's
1187 3811 1296 3898 Magn.
1338 3815 1457 3875 ritaaoo.

142 3895 286 3985 tontum.
308 3891 366 3955 ιιι.
389 3891 449 3957 m.
466 3889 537 3973 698.
