3322 4456
224 287 293 388 338
385 277 1519 394 .HlsT0RlAEVANGEL11A.154r.

269 461 298 501 „
318 409 457 483 Interea
483 409 654 506 temporie
679 402 775 477 venit
804 404 847 476 ad
873 429 930 478 me
955 405 1155 499 sacrificus,
1191 411 1355 503 quicum
1374 419 1516 490 manda·

222 550 250 596 „
277 509 322 578 tis
347 508 504 603 episcopi
531 506 669 578 missum
697 501 730 575 se
756 498 798 570 ad
825 501 1106 598 disquifitionem
1135 527 1248 577 meam
1275 509 1439 606 dicebat,
1473 539 1514 588 ac

224 647 252 692 „
278 603 415 675 confilii
443 601 666 698 impertiendi
691 598 818 693 gretia.
860 601 911 669 At
928 600 1011 689 ille,
1038 602 1080 671 ad
1100 602 1394 698 interrogationes
1410 633 1515 704 quam

224 744 252 788 „
276 699 318 771 nd
355 699 500 772 consilia
526 698 643 770 multo
670 693 891 789 proclivior,
933 697 1068 768 causam
1097 699 1225 794 incipit
1251 700 1408 797 primirm
1435 730 1515 802 per·

224 842 253 888 „
280 798 439 887 contari,
474 819 565 891 quur
590 797 625 865 in
648 815 725 864 eom
744 789 909 861 venissem
928 792 1137 865 custodiam.
1179 794 1261 890 Ego
1279 823 1336 872 me
1353 803 1517 900 ignorare

225 892 451 982 „dicebam
501 894 598 963 Tum
637 890 721 978 ille,
763 885 968 960 dolendum·
990 888 1026 959 id
1054 888 1119 961 libi
1144 893 1287 986 quidem
1316 900 1455 992 videri,
1491 900 1518 973 fi

224 1030 253 1078 „
277 989 484 1080 immerito,
527 1005 729 1079 praeterque
763 982 900 1057 causam
929 1008 970 1057 en
995 985 1084 1058 mihi
1111 989 1290 1063 calamitas
1316 993 1517 1091 imponere·

224 1127 253 1174 „
279 1103 349 1158 tur.
392 1080 599 1172 Caeterirm,
634 1078 764 1152 audisse
788 1080 821 1149 se
847 1079 984 1177 ajebat,
1017 1083 1138 1181 negari
1159 1084 1180 1155 i
1198 1107 1255 1157 me
1272 1089 1390 1163 altaris
1408 1092 1517 1167 sacra·

225 1228 254 1274 „
276 1202 450 1254 mentum.
494 1178 607 1271 Quod
635 1178 737 1266 dixi,
772 1175 942 1269 inquam,
976 1177 1077 1250 dixi:
1121 1180 1341 1279 interrogato
1365 1188 1517 1283 deinde,

226 1327 254 1370 „
280 1303 364 1349 num
385 1278 531 1349 crimino
549 1276 643 1369 apud
660 1271 880 1344 sacerdotum
899 1273 1161 1347 exonerassem?
1195 1298 1438 1378 nequaqnam,
1463 1288 1518 1359 in.

223 1420 253 1465 „
277 1397 395 1469 quam.
435 1375 534 1445 Tum
560 1371 642 1458 ille,
675 1367 909 1442 addudlurum
931 1366 968 1442 ‘se
985 1371 1046 1468 qui
1065 1370 1315 1449 consessionenr
1334 1381 1519 1478 exciperet

222 1518 251 1562 „
276 1471 429 1543 dicebat.
472 1467 680 1564 Respondi,
714 1464 825 1538 modo
849 1489 894 1538 ex
920 1466 965 1540 iie
988 1468 1103 1542 tribus
1127 1468 1320 1549 adducerer
1341 1478 1533 1573 aliquem,

223 1610 252 1660 „
278 1565 350 1638 five
374 1563 557 1638 dodonem
586 1569 770 1653 Cromen,
813 1560 885 1636 srve
910 1565 1119 1658 Gillamum,
1163 1567 1235 1641 five
1259 1571 1393 1669 alioqui
1417 1577 1521 1648 Hun-

224 1680 255 1755 ,·,
278 1679 487 1759 tyngtnnum,
523 1663 630 1734 licere
656 1660 691 1732 id
719 1657 883 1756 quidem:
927 1663 1096 1759 quoniam
1122 1663 1252 1737 horum
1278 1669 1519 1742 maximemi·

221 1806 250 1853 „
280 1760 314 1830 lri
341 1758 491 1854 spedatn
517 1757 600 1832 effer
628 1779 705 1830 tum
732 1756 874 1852 pietas,
918 1776 996 1831 ιιιιιι
1015 1757 1203 1852 sapientia,
1238 1784 1310 1833 ιιοιι
1336 1765 1432 1860 quod
1460 1767 1519 1839 vel

222 1906 252 1950 „
278 1857 429 1952 teipsum
449 1857 506 1928 vel
524 1877 674 1928 caeteros
692 1854 920 1950 contemptui
938 1854 1083 1928 habeam
1100 1877 1141 1927 ac
1158 1855 1318 1929 fastidio:
1345 1858 1402 1933 sed
1420 1862 1520 1957 quod

102 1990 105 1994 -
222 1955 423 2047 „perinde
456 1974 562 2026 notor
589 1954 676 2024 mihi
704 1975 775 2023 ιιοιι
805 1950 856 2023 srs.
907 1948 1105 2024 Subintulit
1132 1950 1293 2046 posthaec
1320 1955 1519 2057 interroga·

220 2052 410 2143 „tionem
436 2052 633 2146 ejusmodi:
679 2050 717 2122 si
745 2047 883 2136 hostin,
917 2048 1057 2141 inquit,
1092 2048 1193 2121 humi
1220 2047 1316 2124 forte
1343 2054 1518 2152 collapso,

221 2143 297 2240 „l
331 2171 430 2221 mure
462 2169 524 2221 out
560 2146 668 2219 bestia
702 2144 769 2218 alin
802 2143 1045 2240 corripiatur,
1091 2145 1178 2242 quid
1212 2148 1290 2242 nis,
1323 2149 1432 2224 bestia
1460 2155 1521 2229 illo

222 2290 250 2344 „
278 2240 443 2320 Deumne
464 2246 541 2320 edit
559 2241 695 2318 necne?
726 2242 798 2316 Cui
816 2264 907 2338 ego:
935 2240 1025 2338 Quo
1043 2241 1188 2337 labore,
1213 2247 1380 2345 inquam,
1406 2254 1472 2322 aeni

220 2392 254 2436 „
275 2367 333 2416 ιιιι
359 2344 429 2417 hoc
456 2340 693 2440 proposuisti,
726 2339 853 2411 eodem
883 2338 921 2411 &
949 2340 1020 2436 ipse
1047 2341 1114 2415 tibi
1141 2341 1254 2417 solvor
1279 2344 1378 2418 licet.
1420 2273 1520 2420 miii

221 2441 368 2534 „enim
395 2465 467 2513 non
495 2441 582 2513 libet
607 2441 667 2512 liic
693 2434 903 2533 respondere
929 2440 1146 2537 quicquam,
1179 2439 1322 2536 quando
1341 2461 1520 2519 tentatum

219 2584 249 2633 „
275 2532 347 2613 lruc
376 2559 412 2610 te
439 2541 559 2610 venire
584 2537 735 2608 videam.
778 2535 829 2607 At
846 2537 964 2628 enirn,
990 2538 1130 2707 inquit,
1155 2534 1428 2616 consentaneum
1448 2566 1521 2615 non

220 2680 249 2729 „
274 2636 346 2727 est,
373 2637 411 2708 &
430 2656 561 2730 praeter
576 2631 775 2706 scholarum
795 2658 932 2726 mores,
955 2635 1027 2709 uti
1054 2659 1110 2709 em
1133 2631 1237 2710 simol
1255 2639 1519 2733 opponentis&

221 2776 250 2826 „
275 2730 520 2825 respondentis
546 2750 662 2827 partes
688 2730 806 2804 obeat.
859 2733 909 2803 At
934 2752 1031 2827 ego,
1064 2735 1234 2827 inquom,
1267 2734 1396 2801 mulier
1419 2730 1517 2818 sum,

221 2874 251 2924 „
274 2826 472 2901 scholarum
498 2827 689 2903 vestrorum
714 2828 811 2903 rudie
836 2832 986 2901 omnino
1008 2828 1075 2895 &i
1103 2846 1198 2893 nere.
1241 2818 1387 2985 (imme,
1406 2842 1518 2987 ιοὲοι

220 2972 250 3020 „
275 2922 319 2994 ab
345 2947 410 3014 co,
443 2949 487 2998 an
513 2925 739 3001 decrevissem
769 2927 805 2997 in
829 2927 970 3006 animo,
1005 2914 1083 3011 pasc
1112 2934 1171 2986 nte
1187 2916 1256 2986 hoc
1288 2938 1440 2986 ncrnmn
1467 2941 1517 2992 tre

217 3070 248 3118 „
272 3019 456 3117 synaxim?
492 3022 661 3120 Alioqui,
693 3029 857 3115 inquam,
884 3012 1030 3111 indigna
1049 3009 1111 3083 sim
1129 3032 1211 3107 quae
1231 3012 1322 3084 inter
1339 3011 1516 3087 Christia-

218 3166 249 3216 „
272 3137 337 3192 nos
364 3119 513 3214 habear,
546 3123 612 3196 ade
660 3142 706 3191 ue
732 3117 840 3186 laetor
863 3134 936 3185 non
960 3130 1083 3209 parurn
1103 3109 1200 3182 hunc
1219 3104 1331 3201 ipsum
1351 3108 1444 3182 diem
1467 3111 1515 3186 src

219 3266 249 3314 „
273 3217 470 3293 imminere.
496 3220 628 3316 Sicqne
672 3207 792 3287 isceslit
809 3234 909 3283 meus
926 3209 985 3283 ille
1004 3206 1245 3297 consiliarius,
1263 3229 1336 3280 non
1356 3206 1517 3284 finevcr·

223 3366 255 3411 „
277 3315 409 3392 borum
427 3319 570 3391 tandem
588 3307 782 3389 subblandtr
798 3309 947 3408 quadem
965 3305 1149 3382 coronide.

268 3464 296 3508 „
315 3415 399 3489 Post
418 3415 497 3489 haec
516 3415 574 3487 die
586 3407 802 3511 23.Mertii‚
821 3410 918 3481 venit
937 3405 1168 3481 admitterem
1180 3399 1518 3479 consobrinusmeus

220 3564 249 3606 „
274 3512 484 3603 Britannus,
503 3532 667 3608 quaerenr
684 3528 769 3579 nutn
789 3505 878 3580 vnde
895 3524 956 3579 ont
969 3497 1156 3596 sponsione
1167 3498 1518 3595 interpnfitapolsem

216 3652 245 3705 „
270 3611 409 3686 redimi.
437 3615 558 3704 Atque
577 3608 658 3683 inde
675 3601 768 3677 ιῑᾶι
785 3603 894 3678 vinad
908 3620 1100 3701 pretorem
1111 3598 1322 3689 contendit,
1343 3619 1463 3695 petens
1474 3600 1518 3672 ab

215 3752 244 3803 „
268 3732 313 3782 eo
339 3728 379 3779 ut
407 3705 637 3778 honestorum
666 3704 851 3775 nominum
878 3704 915 3778 δι
941 3696 1146 3793 sponsorum
1167 3696 1390 3770 sitisdotione
1406 3694 1518 3791 fana,

215 3852 245 3899 „
270 3800 696 3898 panormcecunooit
710 3800 1004 3896 rneemrncipnrr.
1029 3797 1222 3891 Tumille,
1242 3793 1519 3981 nonillobeptqp
