3322 4456
770 315 901 415 (tor.)
1422 412 1427 423 ,

181 458 350 528 humanas
376 443 585 521 traditiones
612 439 684 516 sine
708 432 924 515 tumultibus
943 440 1103 533 violant,
1138 463 1212 513 non
1231 440 1275 514 de
1293 441 1348 519 his
1365 446 1426 541 qui
1444 446 1500 518 ἰι·

181 568 284 625 coetu
311 544 460 644 publico
487 539 651 614 seditiose
678 540 907 636 tranquillum
936 536 1111 633 populum
1138 559 1198 610 aut
1216 544 1402 615 concitant
1419 541 1482 617 iu't

181 646 413 741 perturbant,
448 639 586 711 Extant
610 658 727 709 autem
755 658 856 708 antea
874 637 971 730 leges
990 634 1033 705 de
1051 630 1246 726 seditiosis,
1278 660 1343 709 nec
1363 639 1482 712 statim

179 741 329 813 violatio
356 738 468 830 inepti
487 737 523 809 ὃς
542 759 614 806 non
640 730 819 805 necessarii
839 736 927 804 ritus
940 731 1135 825 judicanda
1152 731 1202 801 est
1221 731 1399 826 seditiosa,
1425 754 1480 809 nt·

180 859 301 911 tamen
320 837 385 907 hnc
405 836 439 903 in
456 856 493 902 re
510 855 582 902 non
601 826 716 901 solum
737 832 1026 924 tranquillitatis,
1044 826 1223 898 sedetiam
1244 832 1379 923 piarum
1392 855 1481 923 con·¹

179 935 402 1005 scientiarum
431 930 519 1000 ratio
548 928 703 998 habenda
729 924 797 997 est:
833 926 885 998 est
909 927 1003 997 enim
1031 942 1152 996 tenera
1169 948 1222 996 res
1240 925 1480 1020 conscicntia,

178 1027 285 1102 facile
304 1023 499 1122 languescit
518 1023 676 1116 pcicnlsa
695 1042 881 1115 potentum
897 1022 1055 1120 judiciis.

228 1127 312 1197 Nec
341 1126 471 1217 ignoro
497 1121 667 1214 quosdam
696 1143 791 1190 novo
807 1120 880 1213 jam
909 1120 962 1189 uti
980 1137 1112 1214 genere
1128 1116 1332 1214 sapientiae,
1369 1141 1481 1193 excu-

177 1222 253 1295 sant
279 1221 424 1309 abusus,
460 1217 496 1289 dc
525 1218 661 1288 leniunt
679 1241 739 1288 eos
757 1214 871 1287 astutd
889 1213 1014 1285 effietis
1031 1210 1405 1308 interpretationibus,
1439 1235 1482 1291 ut

179 1321 332 1392 habeant
359 1313 548 1411 speciosam
569 1313 704 1385 causam
724 1335 789 1383 cur
806 1337 866 1384 eos
883 1315 1081 1399 retineant,
1118 1309 1207 1383 ficut
1226 1311 1376 1386 nefarios
1393 1314 1483 1385 abu·

178 1415 233 1487 sus
260 1412 402 1484 excusat
429 1411 572 1482 Author
590 1409 871 1481 Reformationis
890 1406 1136 1496 Coloniensts,
1171 1428 1210 1479 ut
1230 1432 1480 1504 campanarum

177 1510 480 1583 consecrationem
507 1508 544 1578 δε
573 1505 699 1577 similes
725 1506 948 1599 imposturas.
993 1506 1113 1600 Quam
1142 1506 1253 1575 multa
1275 1505 1355 1578 sunt
1375 1509 1410 1578 in
1429 1504 1482 1580 fa·

178 1606 310 1679 bulolis
339 1605 493 1674 hilloriis
509 1599 732 1690 studiorum,
767 1622 808 1673 ut
831 1601 1108 1694 Christop'ltori,
1136 1600 1313 1697 Georgii,
1340 1626 1421 1694 quae
1439 1620 1483 1677 ttt

178 1705 346 1798 poemata
374 1701 560 1772 continent
588 1695 837 1770 venulliffimas
863 1699 1071 1793 allegorias,
1107 1720 1171 1768 nec
1197 1718 1314 1771 tumen
1333 1721 1483 1796 propter

178 1802 239 1873 has
258 1797 431 1894 cogendae
451 1795 530 1867 l‘unt
550 1794 722 1866 Ecclesiae
746 1816 787 1867 ut
805 1795 878 1867 illas
897 1796 1057 1887 poeticas
1077 1792 1236 1889 personas
1255 1797 1387 1867 colant.

226 1897 314 1967 Erat
341 1898 375 1964 in
394 1892 563 1988 AEgypto
583 1891 716 1965 sacrum
739 1916 819 1962 cum
840 1891 901 1964 fici
923 1889 1187 1981 maturuislent,
1213 1895 1369 1987 populus
1387 1893 1483 1967 enim

176 1996 216 2066 in
244 1992 382 2086 templo
410 1991 515 2061 edens
544 2012 701 2061 recentes
728 1987 837 2077 sicus,
877 1988 1027 2060 addebat
1053 1993 1233 2060 canticum
1264 1991 1316 2061 his
1344 1989 1483 2084 verbis,

178 2089 293 2161 dulcis
313 2088 453 2157 veritas.
494 2085 592 2155 Huic
613 2087 696 2155 ritui
716 2083 822 2156 facile
841 2084 891 2154 est
911 2085 1037 2156 bellam
1061 2084 1357 2177 significationem
1377 2088 1484 2162 adde·

177 2207 236 2271 te,
255 2180 407 2275 eumque
426 2180 697 2250 accommodare
713 2180 755 2248 ad
775 2179 910 2249 laudem
931 2184 1030 2249 verbi
1051 2180 1144 2268 Dei,
1165 2201 1358 2253 nectamen
1371 2209 1437 2277 pto
1466 2223 1483 2241 ·

177 2298 273 2352 terea
292 2278 350 2347 hic
370 2299 447 2345 mos
466 2276 502 2343 in
523 2272 697 2345 Ecclesras
716 2274 934 2345 revocandus
951 2273 1023 2359 est3
1052 2277 1149 2368 atqui
1170 2275 1259 2347 hanc
1279 2302 1406 2349 nouam
1426 2209 1464 2352 sii

177 2374 365 2472 philiicam
393 2371 525 2443 exoriri
554 2367 672 2463 passim
701 2369 871 2443 videmus.
916 2373 977 2444 Sic
1000 2372 1036 2441 in
1056 2372 1159 2443 ltalia
1177 2374 1347 2445 dicuntur
1365 2374 1482 2448 abusi·

176 2476 243 2543 bus
271 2469 508 2563 patrocinari,
544 2467 789 2559 Contarcnus,
825 2467 1032 2557 Sadoletus,
1069 2470 1105 2541 ὅ(
1133 2470 1241 2541 Polus
1260 2471 1481 2562 Cardinalis5

179 2592 258 2640 nam
279 2572 312 2637 hi
334 2561 519 2660 praecipue
538 2562 762 2656 susceperunt
782 2563 845 2636 sibi
859 2569 931 2659 jam
954 2565 1012 2637 has
1033 2566 1387 2660 partesdefendendae
1401 2574 1482 2642 Ro·

177 2687 291 2735 manae
322 2662 535 2754 impietatis,
571 2661 609 2733 δι
636 2661 725 2732 hanc
751 2661 889 2734 ducunt
916 2663 984 2734 elle
1004 2685 1166 2756 magnam
1184 2665 1320 2758 ingenii
1341 2664 1482 2742 laudeni

176 2761 280 2832 sucos
309 2759 441 2830 illinire
469 2756 607 2829 vitiofis
630 2758 777 2850 ritibus,
813 2778 1012 2855 putantque
1029 2758 1061 2830 se
1081 2759 1132 2830 his
1153 2763 1294 2857 ineptiis
1314 2758 1483 2859 Dionysii

175 2856 420 2953 Theologiam
442 2855 635 2952 Myllicam
658 2879 837 2928 renovare.
880 2858 973 2930 Haec
993 2856 1215 2950 Sophistica,
1242 2857 1305 2928 nist
1326 2863 1481 2954 pruden-

176 2975 229 3029 tes
248 2955 504 3051 gubernatores
525 2951 764 3025 Ecclestarum
784 2952 975 3047 obsistent,
994 2956 1106 3047 pariet
1125 2953 1331 3028 horribilem
1352 2958 1483 3031 confu-

178 3053 310 3124 sionem
339 3053 580 3149 religionum,
615 3049 793 3124 &rursus
819 3051 948 3124 obruet
975 3053 1174 3124 veritatem.
1218 3055 1348 3126 Donec
1375 3055 1483 3153 flagi·

141 3203 145 3208 -
177 3168 298 3221 tantur
318 3150 463 3219 humani
483 3149 571 3219 ritus
591 3165 755 3240 tauquam
776 3147 977 3240 necessarii,
1012 3147 1249 3222 confirmatur
1277 3175 1382 3246 prava
1400 3150 1482 3249 opit

176 3247 237 3314 nio
256 3245 299 3314 de
318 3247 445 3329 cultu,
467 3245 545 3315 ideo
566 3243 694 3314 Paulus
713 3265 784 3316 tarn
804 3246 1033 3315 vehementer
1049 3242 1482 3357 nonmodoopinionem,

175 3340 232 3412 sed
253 3342 341 3411 ritus
360 3339 451 3437 ipsos
470 3340 656 3411 Leviticos
677 3337 952 3429 insectantem
972 3339 1194 3434 praevidebat
1213 3342 1306 3414 enim
1326 3367 1397 3415 non
1415 3336 1485 3419 eid

177 3438 253 3510 cuti
273 3437 370 3533 posse
389 3436 697 3531 superstitionem,
720 3437 743 3509 sl
762 3439 850 3509 ritus
869 3457 1070 3528 manerent,
1088 3460 1196 3530 quate
1210 3438 1412 3535 gravissime*
1424 3428 1487 3547 iti?

176 3536 278 3631 quit,
297 3541 329 3627 st
349 3539 640 3626 circumcidimini,
668 3535 819 3628 Christus
835 3536 930 3606 vobis
947 3534 1036 3607 nihil
1045 3536 1206 3629 proderit.
1410 3544 1416 3559 ’

222 3635 439 3704 Retineatur
465 3655 552 3728 ergo
580 3631 727 3727 fimplex
755 3635 791 3706 dt
812 3630 995 3728 perspicua
1012 3630 1183 3704 sententia
1200 3631 1252 3705 de·
1262 3633 1427 3717 libertate

175 3727 401 3824 adiaphoris,
426 3730 463 3803 bt
483 3728 634 3803 doceant
654 3731 938 3815 Contionatores
955 3753 1037 3827 quae
1056 3729 1212 3802 scandala
1230 3734 1371 3821 uitanda
1383 3728 1481 3827 ’ίῐιιὲξΙ

177 3826 396 3900 retineantur
416 3829 504 3901 ritus
520 3822 694 3902 divinitus
712 3825 889 3998 instipptbi,
908 3828 947 3904 dc
963 3828 1265 3926 aliquae-humanat
1276 3824 1495 3957 traditiones,

1242 3954 1276 3977 ·'··
1330 3964 1338 3995 t
1410 3946 1484 4001 titt*
