3322 4456
231 305 306 388 ²⁶4
446 285 832 364 HISTORIA
871 282 1310 368 EVANGELII
1367 267 1578 401 A.1536.'

234 420 519 512 confideremus,
536 443 642 514 quam
661 417 805 492 moroso
822 416 1153 494 illastinconllanti
1169 419 1256 496 esset
1264 425 1401 499 bomini
1410 453 1537 524 nupta.

237 521 410 615 Nempe,
443 541 485 590 ut
508 520 616 588 animi
634 539 709 588 erat
728 515 926 607 hilarioris,
950 517 1001 587 ita
1018 515 1166 590 liberine
1180 542 1324 617 quoque
1340 547 1424 596 cum
1444 529 1537 621 illia,

236 619 300 712 qui
316 617 415 689 circa
431 637 553 705 erant,
572 615 671 710 loqui
688 612 834 686 solebat.
860 611 914 682 Fa
931 635 986 684 ree
1002 614 1158 686 irritavit
1169 620 1363 710 quosdam,
1381 644 1422 694 ut
1434 621 1537 695 suum

213 737 419 806 amorem,
452 713 510 786 seu
531 711 636 802 vtre',
662 710 735 784 srve
750 732 796 781 ex
813 707 1065 803 alienatione,
1091 711 1157 808 ipfi
1173 715 1412 808 declararent,
1436 720 1537 815 quod

235 825 313 883 non
331 809 546 884 satisfecere
564 811 624 880 illa
640 809 789 903 rejecit,
812 805 869 876 scd
888 828 1037 898 contra,
1063 813 1125 902 qui
1143 834 1221 882 moe
1236 811 1289 884 cst
1305 812 1538 908 feminarum,

239 906 306 979 fibi
333 911 371 979 in
396 934 440 980 eo
459 908 729 1002 plaudentium,
754 906 792 978 δι
810 903 841 974 F
842 905 916 975 iliae
932 904 1010 1001 ejus
1028 905 1243 980 Elisabetbae
1260 909 1333 983 suit
1351 913 1409 984 vel
1424 916 1540 984 maxi·

238 1004 321 1094 me,
346 1005 518 1078 deleeara
534 1029 579 1076 oo
598 1002 754 1074 ridetur.

288 1104 408 1176 Morti
433 1127 524 1197 crgo
547 1098 688 1172 addida
711 1096 786 1186 est,
818 1096 991 1193 adquam
1007 1118 1196 1192 antequam
1214 1102 1428 1199 duceretur,
1452 1107 1541 1180 nlti-

238 1202 309 1277 nia
335 1202 378 1273 ad
407 1204 549 1294 Regem
577 1197 710 1283 literis,
736 1216 848 1288 quum
867 1215 1006 1264 amores
1022 1194 1189 1287 alterius,
1213 1198 1259 1267 de
1276 1203 1407 1292 quibua
1425 1205 1460 1276 se
1474 1205 1543 1277 du·

242 1297 328 1370 dum
356 1295 512 1391 questam
532 1293 605 1382 ait,
630 1312 672 1362 ut
690 1292 750 1379 &,
775 1290 873 1382 quod
892 1289 1048 1359 inimicis
1060 1292 1137 1384 jam
1154 1291 1224 1363 suia
1239 1297 1346 1367 unice
1363 1303 1544 1373 ausculta·

239 1415 318 1483 ret,
352 1397 404 1465 illi
426 1385 693 1484 exprobrasset,
716 1409 902 1482 quumque
917 1386 952 1458 sc
967 1386 1088 1458 denuo
1108 1390 1299 1474 criminum
1319 1391 1468 1467 istorum
1487 1401 1545 1470 in·

238 1489 377 1564 sontem
400 1486 624 1578 declarasset,
658 1490 789 1583 gratias
815 1504 955 1573 tamen,
987 1481 1046 1552 sed
1071 1486 1250 1558 mordacia
1272 1487 1414 1563 facetiae
1440 1497 1544 1587 egit,

239 1585 341 1684 quod
367 1608 478 1682 quum
505 1606 607 1657 antea
630 1582 666 1655 se
692 1582 872 1678 Reginam
899 1604 946 1653 ex
974 1582 1115 1674 privata
1136 1581 1297 1679 fecisset,
1321 1591 1546 1662 nuncetiam

241 1683 285 1757 ut
303 1684 503 1780 Martyrem
522 1684 559 1752 in
577 1680 715 1753 coelum
735 1683 908 1751 mitteret.
927 1679 979 1768 (a)
1015 1678 1081 1749 Ast
1101 1681 1282 1755 isenricus
1301 1685 1361 1756 vel
1379 1685 1448 1775 lic,
1475 1687 1544 1757 ob·

241 1780 387 1856 literato
412 1782 512 1849 omni
540 1778 769 1850 humanitatis
796 1771 916 1867 sensu,
950 1773 1047 1870 quali
1074 1800 1279 1869 vereretur,
1312 1802 1359 1851 ne
1373 1804 1447 1871 non
1463 1780 1544 1854 satia

242 1870 1543 2048 sustulimus?sswsrlmesalfflr

241 2071 327 2145 liam
353 2073 390 2143 in
417 1997 587 2168 prgrimo
610 2070 837 2143 Parlamento
862 2070 963 2139 omni
988 2021 1049 2166 spe
1072 2069 1110 2141 δι
1124 2071 1208 2164 jure
1222 2067 1445 2144 successionis
1462 2072 1544 2163 (b),

241 2191 347 2339 aeqog
371 2193 413 2242 ac
431 2169 592 2283 Mariam
605 2168 838 2261 Catharinae,
861 2165 1030 2260 excludi,
1055 2166 1396 2267 damnationemque
1413 2169 1547 2243 Matris

243 2290 316 2341 con
347 2292 451 2340 rmart
469 2287 623 2342 curavit.

290 2367 454 2463 eranu
473 2390 592 2442 autem
612 2369 806 2461 Seyrrorrria
823 2366 918 2438 inter
933 2363 1088 2438 Henriei
1105 2388 1237 2439 uxorea
1253 2388 1329 2459 prae
1347 2364 1475 2439 ceteris
1493 2361 1548 2437 sa·

241 2487 368 2540 vorem
394 2470 471 2566 ejus
494 2491 535 2540 ac
562 2467 848 2545 benevolentiam
873 2461 946 2536 luit
969 2460 1146 2552 assecuta,
1179 2463 1216 2532 io
1239 2483 1286 2532 eo
1303 2463 1448 2558 reliquis
1465 2460 1545 2533 seli·

244 2565 344 2656 cior,
369 2567 467 2659 quod
485 2565 597 2637 amori
615 2588 689 2636 non
704 2563 924 2659 supervixit,
948 2558 1089 2656 ipsque
1104 2560 1239 2633 Filium
1256 2556 1465 2635 Eduardum
1479 2558 1547 2630 VI.

243 2659 282 2728 in
302 2662 435 2753 Regno
455 2657 698 2731 Succelsorcm
717 2664 822 2731 enixa
837 2655 901 2729 est.

291 2765 323 2836 §-
342 2753 573 2824 LXXXVl.
598 2753 774 2844 Magnam
792 2775 880 2820 vero
899 2769 1018 2819 rerum
1037 2752 1275 2819 mutationem
1293 2767 1423 2840 magna
1438 2764 1546 2813 exce·

243 2847 301 2940 pit
326 2849 557 2918 consrliorum
586 2847 741 2914 mutatio
758 2848 835 2934 (c),
864 2840 1003 2911 tametfi
1021 2858 1122 2908 tanta
1137 2837 1353 2931 nequidem,
1377 2859 1545 2932 quantam

242 2940 523 3012 extimescebam
547 2935 833 3010 Reformationia
855 2932 1041 3020 fautores,
1075 2948 1137 3002 ant
1163 2928 1420 3028 praesagiebant
1448 2936 1545 3007 Pon·

242 3035 372 3130 tificii,
391 3033 522 3133 injedla
534 3034 576 3110 fir
586 3029 872 3108 Reformationit
880 3028 1031 3121 negotio
1040 3051 1162 3126 mora,
1178 3033 1469 3202 quandoquidegr
1479 3034 1544 3125 Jo-

1457 3153 1547 3204 anna

282 3350 334 3428 (a)
358 3346 452 3412 Hanc
473 3342 648 3429 Epistolam
664 3359 741 3406 cum
757 3359 795 3406 ex
811 3336 1008 3408 Bibliotheca
1023 3343 1219 3408 cottoniana
1233 3342 1363 3407 ediderit
1378 3357 1472 3423 atque
1487 3343 1547 3405 do·

241 3431 398 3496 contentis
416 3431 476 3494 stri»¹
492 3430 531 3493 ad
549 3426 621 3493 Lib.
636 3425 697 3493 lll.
719 3422 863 3491 NolV.
885 3427 933 3492 sol
943 3425 994 3490 88.
1019 3428 1178 3492 inseruerit
1193 3427 1370 3502 Bumetnr,
1390 3428 1462 3488 inde
1477 3445 1549 3490 eam

242 3514 443 3596 depromere,
465 3532 562 3597 atque
576 3515 648 3577 huic
666 3511 837 3577 Volumini
853 3507 1092 3577 Nomii.
1116 3510 1299 3577 suboedere
1311 3510 1444 3592 juvabit.

282 3598 336 3676 (b)
361 3596 457 3662 lldeb
481 3613 517 3663 ut
541 3598 669 3681 publico
693 3594 825 3662 Senatus
842 3596 1011 3681 Anglicani
1028 3598 1158 3661 decreto
1175 3595 1361 3679 quoquest
1379 3595 1547 3674 statutum,

241 3724 265 3761 „
287 3680 509 3762 perduellionis
533 3702 602 3748 reos
627 3680 688 3748 else
702 3701 835 3761 omnes,
859 3681 915 3762 qui
930 3684 982 3742 vel
999 3682 1100 3762 priora
1114 3680 1333 3757 matrimonia,
1351 3682 1547 3830 Krolemque

241 3809 265 3845 „
286 3783 324 3827 ex
350 3767 411 3831 illis
434 3767 607 3851 susceptam
630 3767 802 3849 legitimam
819 3763 900 3842 else,
932 3765 1120 3846 faterentur,
1143 3768 1196 3830 vel
1215 3764 1332 3852 prolie
1383 3764 1474 3848 egiua
1489 3759 1547 3839 Jo-

241 3893 263 3932 „
286 3847 385 3914 banna
403 3850 582 3916 suscitanda
596 3853 814 3934 juramentum
832 3848 970 3934 prestare
986 3853 1121 3916 nollent.
1137 3897 1161 3935 „

282 3932 912 4013 wfflmssmmmm
1124 3950 1142 3992 r
