3322 4456
800 279 912 378 (8⁶.)
1049 268 1052 274 ’

801 498 841 575 X
861 500 879 574 1
899 499 936 576 1..

192 668 217 709 '·
331 649 390 723 De
408 648 672 740 parentalibus,
694 647 809 738 Miffis
820 669 882 744 pro
901 648 1103 745 Defendit,
1129 646 1172 732 l?
1190 649 1408 752 Purgatorio.

231 813 235 823 ·
309 794 380 870 ΗΜ
406 797 442 867 in
471 816 626 893 utroque
652 793 889 870 Testamento
915 795 1081 891 exempla
1100 818 1373 894 proponantur,
1397 798 1534 892 quibus

324 894 540 967 monstratur
568 895 652 966 Deo
678 891 845 989 placere,
883 892 985 990 quod
1011 893 1191 969 Fidelium
1221 897 1343 970 luneru
1367 895 1532 974 officiosa

216 998 353 1093 pietate
380 1011 574 1081 curentur,
609 988 837 1064 celebrentur
853 992 1039 1088 exequie,
1065 991 1257 1092 sepulturae
1276 997 1532 1092 provideatur,

220 1113 285 1190 per
303 1113 385 1187 quae
404 1085 504 1161 certi
523 1087 628 1160 Fides
646 1086 816 1161 astruitur
833 1086 1096 1165 resurredlionis
1113 1114 1309 1188 corporum
1328 1094 1367 1168 ὅ(
1384 1095 1532 1191 pietatis

221 1184 344 1262 officia
368 1184 576 1279 implentur.
610 1183 677 1256 Pio
694 1184 775 1260 lane
792 1186 830 1260 δι
850 1184 1056 1261 Christiano
1074 1212 1175 1262 more
1192 1191 1270 1261 baec
1289 1191 1326 1261 in
1345 1191 1534 1275 funeribus

220 1283 508 1360 Christianorum
528 1280 767 1375 exhibentur,
792 1283 903 1376 dum,
927 1307 1112 1382 praeeunte
1130 1308 1260 1378 cruce,
1287 1291 1424 1361 mortui
1443 1313 1532 1365 cum

221 1382 382 1472 honore,
408 1376 558 1460 honesto
577 1381 777 1474 comitatu,
802 1382 957 1457 accenlis
975 1383 1231 1479 luminaribus,
1250 1383 1362 1459 Clero
1380 1407 1534 1464 canente

223 1480 262 1554 ἃ
289 1477 431 1551 caeteris
449 1477 655 1571 orantibus,
683 1480 718 1550 in
738 1501 831 1553 terra
847 1479 962 1556 sanila
977 1480 1206 1577 sepeliuntur.
1241 1482 1340 1558 Haee
1356 1485 1452 1560 enim
1473 1487 1535 1579 pie

222 1573 394 1672 obsequio
407 1574 554 1667 corpori
574 1574 813 1650 resurreiluro
832 1577 870 1651 ὅ(
889 1580 926 1650 in
943 1581 1145 1653 eternitate
1164 1580 1326 1655 mansuro
1344 1584 1451 1656 etiam
1468 1583 1535 1656 Fi·

221 1672 282 1748 dei
306 1667 570 1747 resurrectionis
594 1672 837 1746 testimonium
864 1673 1055 1768 perhibent
1079 1694 1188 1769 atque
1212 1677 1393 1771 sepultum
1413 1678 1534 1752 osten·

222 1771 378 1868 dontio
405 1769 480 1840 vita
502 1791 648 1842 crucem
678 1770 832 1844 Domini
859 1767 1032 1864 portaffe,
1062 1770 1192 1840 merito
1212 1767 1375 1864 pollionis
1392 1773 1531 1845 Christi

222 1870 389 1945 innixum
404 1864 476 1939 elle
492 1866 532 1941 dt
550 1869 698 1940 tandum
717 1867 802 1938 hine
819 1886 903 1936 cum
920 1863 1056 1936 lumine
1072 1862 1174 1936 Fidei
1184 1862 1362 1963 migrasse.
1388 1865 1438 1938 Et
1448 1864 1531 1939 ltaec

223 1965 373 2067 quidem
390 1963 481 2037 bene
498 1962 614 2055 fiunt,
639 1963 678 2036 bt
697 1963 862 2034 vivorum
882 1982 950 2058 pro
967 1959 1062 2034 bona
1079 1979 1179 2058 parte
1195 1957 1277 2036 sunt
1295 1958 1429 2036 solatia.
1460 1962 1534 2038 Sed

196 2115 199 2120 ι
222 2062 383 2137 addenda
409 2061 490 2136 sunt
516 2063 553 2136 dt
578 2061 645 2132 alia
662 2057 814 2132 subsidia
829 2080 1070 2135 mortuorum.
1086 2057 1283 2155 ‘Quamvis
1299 2079 1419 2136 autem
1437 2082 1534 2157 prae·

226 2161 334 2238 staret
358 2180 650 2258 unumquemque
667 2158 745 2231 vital
764 2158 900 2237 comite
917 2156 1064 2258 praeelse
1079 2156 1184 2234 bonis
1202 2159 1397 2257 operibus,
1423 2158 1535 2256 quint

148 2274 152 2279 '
224 2261 335 2354 alium
343 2261 436 2434 post
454 2276 609 2335 mortem
628 2255 838 2356 praeficere,
863 2256 1021 2336 fundum
1039 2276 1160 2333 tameo
1175 2257 1214 2335 dt
1230 2258 1368 2334 salubre
1385 2280 1427 2329 ac
1445 2260 1535 2331 ritui

223 2359 339 2438 Eccle

370 2386 401 2434 ae
426 2354 615 2434 conforme
638 2355 691 2432 est
718 2358 756 2432 ὅ(
782 2355 1060 2434 catholicorum
1088 2354 1295 2432 Doliorum
1320 2354 1536 2448 sententiae,

225 2484 288 2537 eos
315 2461 377 2561 qui
404 2481 486 2533 cum
515 2457 588 2531 Dei
641 2456 727 2530 ratia
750 2479 796 2529 ex
824 2455 891 2531 hac
908 2455 991 2534 luce
1006 2454 1204 2547 deceffere,
1230 2455 1269 2530 δι
1286 2449 1445 2529 nondum
1466 2477 1537 2550 pro

226 2558 296 2636 suis
315 2557 472 2658 peccatis
491 2554 596 2652 plene
612 2480 880 2648 latislecerunt,
907 2554 1097 2654 precibus,
1121 2550 1387 2645 oblationibus,
1414 2549 1537 2626 Miffae

227 2656 439 2747 Sacrificio,
464 2655 634 2754 Jejuoio,
660 2648 926 2750 Eleemosynis,
949 2654 1099 2749 aliisque
1114 2651 1183 2748 piis
1200 2651 1372 2749 operibus
1385 2652 1536 2743 juvare,

227 2755 358 2854 quibus
375 2773 485 2848 poeno
503 2755 541 2822 in
554 2750 771 2913 Purpatorio
788 2748 986 2823 sustinendo
1003 2750 1193 2821 relaxatur.
1218 2745 1536 2836 AtPurgatorium

228 2849 436 2952 ponendum
455 2843 545 2936 elle,
570 2846 610 2917 &
641 2841 754 2912 anerae
771 2843 948 2932 Litterae,
968 2845 1006 2915 &
1019 2839 1205 2913 Catholici
1220 2835 1403 2909 Do&ores
1416 2833 1537 2908 osten·

228 2949 343 3038 dunt,
376 2945 512 3036 dequo
531 2942 566 3008 in
584 2934 835 3010 concionibus
852 2935 895 3006 ad
913 2935 1090 3030 populum
1108 2929 1307 3007 sermonem
1325 2930 1455 3007 habere
1471 2958 1537 3007 ex·

229 3041 345 3142 pedit.
386 3039 488 3112 Hinc
514 3033 610 3105 enirn
638 3029 822 3102 inducitur
839 3029 997 3127 populus
1013 3029 1144 3104 animas
1162 3029 1239 3105 illic
1255 3027 1447 3107 existentes
1463 3032 1537 3110 suf·

229 3136 353 3240 fragiis
371 3136 408 3214 dt
427 3131 568 3211 caeteris
584 3125 836 3207 misericordiae
853 3125 1022 3228 operibus
1038 3127 1234 3208 subletum.
