3322 4456
219 308 287 408 ,aa
422 271 806 385 ut'stonta
849 285 1297 383 nuaunnttt
1347 311 1516 408 arms.

213 477 247 520 „
273 432 514 507 Ecclefiastici
539 435 776 529 patrocinium
804 453 876 505 tam
904 432 1049 506 sortiter
1066 432 1277 530 susceperit,
1300 459 1344 509 ac
1359 438 1515 512 feliciter

215 574 247 618 ‚‚
272 529 427 623 gesserit.
471 533 580 602 Tales
610 528 774 625 profesto
801 530 872 601 suae
897 529 1082 627 dignitatis
1100 534 1259 604 vindices
1275 532 1516 627 superioribus

219 672 247 713 ‚‚
273 629 371 699 annis
399 627 558 699 Ecclesia
584 626 608 697 fi
635 624 830 716 habuisset,
865 627 937 719 ipsa
961 651 1056 698 nunc
1082 627 1232 700 aliorum
1260 632 1415 724 imperiis
1442 655 1515 702 non

220 769 249 812 „
273 723 358 795 esset
376 723 557 815 obnoxia,
582 721 661 812 sed,
686 723 758 795 suae
777 724 967 818 majestatis
985 728 1021 795 vi
1040 748 1081 796 ac
1101 729 1278 820 pondere,
1305 748 1435 801 caetera
1451 726 1515 800 sub

219 858 248 909 ς,
273 820 305 890 se
323 824 443 892 omnia
459 825 674 892 contineret.
691 872 720 912 „

268 917 1519 1018 §.CVllI.Hacsaterdotum(itaBUCHANANUS'pergit)supra

224 1013 372 1085 modum
393 1017 596 1086 luxuriante
613 1012 783 1103 visioria,
812 1038 884 1085 non
903 1017 1145 1110 promiscuum
1165 1019 1274 1088 modo
1293 1025 1445 1114 tulgus,
1464 1018 1521 1090 scd

222 1109 406 1205 plerique,
423 1111 740 1207 genere&opibus
749 1111 920 1200 illustres,
940 1114 1305 1209 magisirritatiquam
1317 1113 1521 1205 sudarem

222 1227 268 1276 eo
285 1207 343 1278 sua
358 1207 507 1304 segnitie
515 1205 638 1278 redisse
652 1207 951 1303 indignabantur,
967 1229 1008 1280 ut
1020 1232 1180 1303 praeceps
1190 1211 1322 1304 aliquid
1334 1236 1415 1283 cum
1428 1213 1522 1307 peri·

223 1302 308 1374 culo
326 1303 412 1377 esset
429 1304 653 1393 audendum,
672 1324 732 1375 aut
750 1306 872 1374 omnia
889 1327 972 1375 cum
989 1305 1523 1401 ignominiaforet-patiendum.

219 1397 299 1490 Jarn
315 1403 420 1472 etiam
436 1402 574 1497 plures,
592 1401 796 1495 &apertius
814 1404 1084 1495 erumpentibus
1099 1404 1134 1472 ri
1145 1403 1461 1501 dolorisquetelis,
1480 1405 1525 1475 de

224 1494 416 1570 Cardinale
434 1498 595 1570 tollendo
613 1502 733 1589 coire,
751 1498 841 1572 &ad
861 1499 1059 1573 libertatem
1080 1501 1378 1598 recuperandam,
1396 1502 1521 1574 autvi-

223 1611 295 1665 tam
316 1594 594 1689 projiciendam,
613 1594 761 1668 hortari.
786 1647 814 1686 „
824 1618 929 1690 quam
938 1600 1034 1668 enim
1049 1597 1145 1695 spem
1157 1601 1342 1693 dignitatis
1352 1601 1523 1696 reliquam

223 1741 251 1784 „
275 1692 374 1786 sore,
391 1691 453 1764 sub
471 1689 751 1789 arrogantissimo
768 1692 990 1782 sacrificulo,
1007 1699 1205 1788 eodemque
1219 1713 1369 1788 tyranno
1383 1692 1524 1766 saeviffi·

224 1837 251 1880 „
277 1811 359 1880 mo,
379 1792 439 1883 qui
458 1789 554 1861 bello
571 1789 732 1863 adversus
744 1790 863 1861 Deum
875 1790 1107 1885 hominesque
1116 1788 1301 1887 suscepto,
1319 1791 1521 1863 noninimi-

223 1940 252 1983 „
278 1911 340 1959 cos
358 1886 489 1978 modo,
509 1887 543 1959 id
562 1886 635 1975 est,
653 1890 866 1981 quiautrem
878 1886 1071 1980 baberent,
1089 1887 1523 1981 autpietatemcolerent,

224 2036 253 2079 „
279 1984 336 2058 sed
363 1987 565 2081 cuicunque
590 1982 675 2057 silet
704 1984 828 2057 leviter
855 1977 1034 2074 offensus,
1067 2006 1178 2074 eum,
1212 1985 1313 2056 velut
1340 2009 1452 2081 pecus
1478 2011 1524 2059 ex

224 2132 253 2175 „
278 2083 381 2174 hara,
411 2083 481 2156 suae
500 2081 641 2155 libidini
660 2078 852 2155 madaret?
886 2079 965 2175 Qui
983 2081 1131 2177 publice
1147 2079 1282 2153 bellum
1303 2083 1340 2156 ὅ(
1360 2083 1468 2155 civile
1487 2085 1526 2158 dc

225 2230 254 2273 ‚,
277 2202 465 2253 externum
493 2183 584 2272 alat,
611 2181 779 2277 privatim
798 2183 1028 2252 meretricum
1048 2203 1185 2254 amores
1202 2181 1338 2276 nuptiis
1355 2182 1528 2277 copulet,

225 2327 254 2371 „
279 2280 418 2373 nuptias
443 2280 620 2375 legitimas
648 2302 714 2373 pro
737 2276 888 2351 arbitrio
906 2277 1073 2369 dirimat,
1100 2279 1199 2351 domi
1218 2303 1301 2352 cum
1320 2278 1446 2352 scortis
1463 2301 1530 2351 vo·

224 2427 252 2470 „
279 2375 435 2466 lutetur,
461 2376 548 2450 soris
565 2378 603 2448 ia
621 2375 719 2448 crede
737 2378 968 2449 innoxiorum
988 2377 1025 2450 dt
1042 2374 1210 2472 sanguine
1226 2376 1481 2448 debacchetur.
1500 2428 1527 2469 „

273 2473 472 2547 Cardinalis
488 2496 628 2565 autem,
653 2470 717 2546 etsi
736 2471 804 2545 suis
823 2499 845 2542 o
875 2475 955 2548 ibus
972 2496 1045 2546 non
1062 2471 1262 2565 diffideret,
1282 2492 1424 2567 tamen,
1442 2498 1528 2547 cum

226 2595 299 2644 non
329 2575 532 2671 ignoraret,
569 2573 630 2669 qui
650 2568 827 2644 habituse
857 2593 893 2645 et
911 2573 1136 2664 animorum,
1161 2567 1285 2666 quide
1302 2568 1336 2642 se
1353 2569 1530 2644 sermones

227 2670 340 2765 vulgo
367 2670 635 2767 spargerentur,
670 2669 734 2743 sibi
761 2670 996 2765 cogitandum
1023 2668 1263 2759 existimavit,
1298 2669 1342 2737 de
1368 2669 1529 2760 potentia

227 2770 329 2840 novis
347 2768 574 2842 incrementis
592 2767 764 2862 augenda.
792 2767 834 2834 ln
852 2769 909 2836 An
939 2763 1047 2836 ufiam
1066 2767 1182 2858 igitur
1194 2760 1395 2855 prosedas,
1410 2758 1527 2865 ‘filiam

225 2884 312 2936 natu
338 2867 526 2938 maximam
555 2864 633 2936 filio
660 2861 817 2933 Comitis
844 2788 1047 2933 Crai‘ordiae
1071 2855 1282 2948 despondit,
1312 2870 1526 2945 nuptiasque

226 2984 358 3055 magno
384 2982 576 3057 apparatu,
611 2959 648 3030 &
677 2978 791 3052 prope
818 2957 937 3050 Regia
962 2947 1248 3046 magnificentia,
1284 2945 1385 3018 fecit.
1430 2948 1529 3020 Inter

228 3056 331 3147 buc,
358 3081 439 3131 cum
461 3085 524 3155 per
541 3053 786 3153 exploratores
804 3053 939 3124 certior
955 3045 1080 3140 fieret,
1101 3046 1284 3144 Anglum,
1303 3042 1344 3113 ad
1362 3042 1528 3118 infestan-

227 3155 271 3231 da
299 3160 433 3232 Scotiae
457 3162 600 3245 littora,
628 3173 775 3251 magnos
791 3170 980 3246 apparatus
998 3147 1136 3219 navales
1154 3166 1307 3240 cogere,
1332 3166 1373 3213 ac
1391 3141 1528 3239 potissi·

226 3278 325 3330 mum
347 3256 546 3330 Filensrbus
564 3252 712 3344 minari,
740 3246 833 3345 ipse,
852 3250 896 3322 ad
914 3249 1050 3322 Fanum
1073 3243 1232 3318 Andreae‘
1245 3240 1422 3335 reversus,
1443 3241 1528 3313 No·

225 3353 379 3444 bilitati,
414 3377 455 3424 ac
475 3349 692 3446 potissimum
712 3349 774 3440 iis,
805 3349 867 3443 qui
887 3346 1086 3421 maritimos
1102 3364 1206 3437 agros
1223 3360 1408 3433 tenerent,
1434 3340 1530 3411 diem

225 3451 268 3520 ad
295 3450 581 3520 conveniendum
610 3447 758 3537 statuit,
800 3468 842 3519 ut
867 3448 904 3518 in
931 3462 1123 3517 commune
1149 3437 1395 3526 consulerent,
1430 3437 1528 3532 quod

225 3544 312 3616 huic
331 3545 425 3616 malo
444 3545 637 3615 remedium
657 3543 742 3619 esset
761 3543 1017 3643 objiciendum.
1052 3537 1215 3631 Quoque
1233 3537 1268 3608 id
1289 3534 1428 3607 facilius
1447 3558 1530 3631 pro-

225 3639 399 3735 spiceret,
433 3637 661 3731 decreverat,
686 3663 755 3713 una
774 3664 857 3713 cum
876 3657 1042 3738 agrorum
1063 3634 1239 3727 dominis,
1266 3655 1386 3707 totum
1407 3634 1531 3726 littus,

225 3737 296 3811 hoc
321 3736 393 3827 est,
429 3759 520 3832 pene
549 3738 577 3809 F
581 3738 663 3809 isam
684 3738 880 3810 universam
900 3733 1112 3821 circumire,
1139 3733 1176 3805 dt
1197 3733 1297 3823 loca,
1323 3757 1390 3830 pro
1409 3735 1532 3829 cujus·

225 3859 294 3937 que
313 3835 597 3927 commoditate,
622 3836 871 3928 communire,
895 3854 962 3907 aut.
977 3831 1149 3929 praesidiis
1166 3831 1342 3906 obtinere.
1468 3924 1487 3993 Ι

1489 3943 1530 3992 n·
