3322 4456
92 353 296 448 lma
459 333 1097 434 Renovare
1363 362 1434 446 ,ῃ

130 474 232 572 qued
247 467 342 544 redte
360 482 507 539 notante
525 457 799 534 BURNETO
820 459 893 549 (a),
924 462 1094 554 majorem
1114 466 1157 538 ab
1176 471 1319 546 auclore
1336 479 1431 574 ejusta

129 594 199 666 que
225 565 448 663 eloquentia,
474 581 581 655 quarn
600 556 801 628 eruditione
820 555 877 626 vel
896 558 1090 633 ratiociniis
1108 564 1248 640 nadlum
1267 570 1318 644 est
1336 578 1432 648 cele⁴

129 665 310 741 britatem.

176 765 221 837 In
247 786 291 832 eo
316 755 436 830 saltem
462 745 551 823 adeb
570 745 688 844 aspere
708 748 744 819 in
761 748 926 842 Regem,
955 748 1057 845 cujus
1075 769 1163 825 tunc
1183 779 1314 851 praeter
1331 780 1431 839 eete-
1504 783 1506 786 ’

128 885 185 934 ros
204 854 388 928 fruebatur
406 848 639 937 liberalitate,
665 844 906 933 debachatur,
932 865 972 916 ut
990 845 1095 919 racile
1114 849 1247 945 ubique
1266 858 1430 933 luculen'u

130 952 256 1029 tislrma
282 949 417 1048 ingenii
441 949 518 1043 ejus
545 966 590 1016 ex
615 944 696 1014 acre
724 942 853 1013 Italico
880 941 1011 1013 mirum
1040 968 1211 1040 quantum
1241 953 1362 1034 infecti
1389 960 1428 1033 &t

130 1052 319 1147 plusquam
347 1042 528 1119 novercali
554 1042 591 1111 in
620 1039 822 1111 Hernicum
849 1037 934 1109 odio
960 1037 1165 1134 flagrantia,
1201 1047 1348 1147 vestigia
1366 1055 1456 1126 de·'

129 1145 349 1257 prehendere
374 1140 553 1214 unicuivis
578 1155 679 1208 extra
706 1154 822 1230 partes
848 1132 967 1230 posrto
997 1136 1120 1210 leilori
1148 1143 1277 1232 liceat;
1315 1148 1428 1224 certe

129 1264 222 1317 rnter
246 1241 312 1314 alia
337 1239 426 1312 dicit
445 1236 523 1328 (b),
552 1236 730 1328 „Regem
750 1229 861 1326 quise
881 1230 1003 1327 Caput
1022 1234 1195 1311 Ecclefiae
1214 1245 1428 1338 Anglicanae

128 1340 349 1435 „venditet,
374 1332 506 1408 fretum
524 1329 592 1403 effe
608 1328 809 1426 supremum
829 1348 938 1422 caput
954 1331 1115 1406 ecclesrae
1135 1337 1425 1437 malignantium,

127 1423 1433 1621 rhss⁶lffllalrlsslslrrlll‘hildesh?ellinhilt?

126 1584 154 1723 ἔξ
165 1628 317 1726 tricipiti
342 1625 447 1722 quam
473 1623 572 1715 Regi
597 1621 830 1705 convenirem
866 1574 1008 1714 Regerh
1032 1624 1218 1719 bicipitem
1238 1557 1327 1722 ellel:
1352 1657 1431 1706 uno

127 1747 305 1821 „tantum
332 1725 452 1819 capite
476 1718 497 1793 a
515 1716 676 1791 Cerbero
694 1718 755 1813 qui
774 1717 905 1812 triceps
923 1715 1082 1815 fingatur
1100 1726 1209 1797 rinei.
1245 1727 1338 1800 Eum
1358 1728 1431 1805 elle¹

125 1825 289 1920 „Turca
306 1821 577 1906 immaniorem,
596 1838 663 1887 nee
681 1814 724 1887 de
743 1812 818 1887 ullo
835 1815 906 1888 alio
923 1837 1027 1909 quam
1048 1818 1091 1892 de
1109 1820 1236 1894 Satana
1255 1824 1331 1920 ipso
1349 1845 1428 1898 tan·

124 1972 152 2015 „
163 1942 236 1996 tam
254 1919 502 1994 crudelitatem
523 1910 757 2009 probabiliter
767 1912 918 2081 cogitari
930 1912 1071 2007 polle„
1100 1917 1431 2017 Variaquoquein··

125 2018 313 2114 terspergit
336 2015 382 2088 ad
400 2013 569 2111 Angliam
588 2010 625 2081 in
645 2012 786 2104 Regem
821 2033 905 2081 uum
925 2013 1173 2087 concitandam
1193 2021 1268 2110 (c),
1295 2021 1434 2117 ipsuma

126 2137 197 2208 que
207 2113 383 2186 Caesarem
394 2160 411 2200 ,·
427 2132 468 2182 ut
487 2111 524 2180 in
542 2108 684 2200 Regem
705 2106 825 2197 potius
838 2108 1429 2198 quaminTurcam-armaeonver·

127 2227 182 2280 tat
203 2207 415 2279 exhor-tatur
435 2205 510 2291 (d):
539 2202 677 2270 Annam
691 2199 874 2270 Boleniam
895 2203 1050 2292 appellat
1068 2205 1225 2301 Jesabel,
1246 2211 1437 2310 ipsumque

124 2304 271 2401 Regem
292 2298 490 2372 Achabo&
503 2294 801 2366 Nebucadnezari
819 2316 1028 2388 comparat,
1044 2315 1198 2395 eumque
1217 2306 1368 2381 Nerone
1386 2333 1428 2382 ae

127 2400 345 2474 Domitiano
370 2393 555 2467 saeviorem
581 2389 826 2485 depraedicat3
865 2390 1072 2482 Caeterum,
1107 2398 1210 2491 quod·
1233 2400 1344 2496 ipsam
1367 2405 1437 2475 ad.·

125 2499 241 2591 tinet,
275 2515 379 2590 quam
406 2515 423 2565 a
451 2488 510 2564 ere
534 2485 613 2558 vult
641 2484 800 2576 causam,
836 2489 864 2560 is
892 2488 993 2560 nullo
1011 2493 1357 2588 utiturargum'ento
1377 2500 1428 2588 (e)

127 2618 200 2692 quo
218 2615 291 2667 non
310 2590 380 2664 fiat
397 2515 451 2661 ull
467 2590 504 2661 in
522 2582 775 2660 concludendo
792 2582 873 2674 alii,
892 2607 1006 2681 nequo
1022 2587 1136 2661 ullum
1155 2593 1290 2665 emittit
1303 2595 1430 2686 telum,

1333 2692 1435 2789 quod·

170 2888 219 2965 (a)
243 2877 462 2948 BURNET.
484 2881 506 2942 l.
522 2895 551 2939 c.
570 2874 634 2939 sol.
647 2890 717 2951 ης.

169 2971 221 3048 (b)
245 2957 560 3035 SCHELHORN.
584 2962 648 3022 loc.
667 2958 718 3021 cit.
741 2975 809 3042 pag.
828 2958 880 3037 69.

169 3053 221 3129 (c)
246 3069 278 3111 v.
296 3043 499 3112 SCHELH.
523 3045 553 3107 in
572 3041 708 3106 Historia
724 3042 823 3124 operis
842 3040 933 3121 hujus
951 3041 981 3123 h.
995 3042 1095 3108 XXI.
1112 3064 1204 3129 p.94.
1223 3049 1252 3112 dt
1270 3048 1334 3134 seq.

171 3133 224 3212 (d)
249 3122 559 3195 SCHELHORN.
578 3128 640 3189 loc.
652 3125 704 3188 cit.
722 3121 881 3200 §.XXll
901 3147 929 3207 p.
940 3145 991 3207 99.
1010 3127 1113 3210 etseq.
1130 3130 1301 3214 &inprimis
1318 3154 1347 3214 p.
1361 3153 1431 3199 102.

133 3214 215 3280 Sunt
237 3227 363 3292 autern,
393 3212 447 3294 qni
471 3207 660 3273 familiariter
686 3206 806 3270 Polum
830 3225 966 3288 norunt,
998 3211 1053 3292 qui
1077 3213 1198 3291 dicant,
1223 3216 1250 3276 ei
1268 3213 1432 3300 Evangelii

132 3295 309 3360 dodrinam
335 3293 432 3377 probe
456 3291 545 3356 suisse
568 3290 746 3371 cognitam3
771 3289 870 3368 Quod
885 3307 989 3354 autern
1008 3294 1037 3354 in
1056 3295 1233 3359 Henrieum
1251 3296 1374 3379 Regem
1391 3301 1433 3365 ita

134 3379 299 3463 scripserit,
325 3378 450 3443 causam
467 3374 528 3439 else
544 3388 671 3457 putent,
695 3386 729 3434 nt
746 3372 950 3451 suspicionem
967 3377 1091 3438 evitaret
1110 3375 1352 3448 Latheranisini.
1376 3381 1433 3448 Li-

135 3463 230 3527 brum
247 3461 327 3528 verb
344 3466 449 3528 lurntrr
466 3460 525 3524 suo
541 3458 659 3522 curavit
678 3453 793 3520 Rornae
811 3456 961 3536 procudi,
986 3458 1072 3522 hc'uti
1088 3458 1210 3542 ferunt,
1235 3464 1264 3527 ἃ
1282 3467 1319 3530 ad
1339 3467 1368 3531 se
1385 3489 1432 3532 re.

136 3547 231 3624 ceptis
253 3547 399 3610 omnibus
425 3542 593 3627 exemplis,
616 3539 762 3606 Pontifici
787 3535 908 3601 tanrirrn
925 3554 1019 3621 atque
1037 3539 1253 3610 cardinalibus
1273 3550 1301 3612 dr
1319 3551 1433 3616 intimis

137 3627 244 3692 amicis
262 3629 433 3709 legendum
449 3629 556 3706 dabat,
581 3644 654 3689 nam
673 3622 702 3685 ἀ
720 3622 779 3685 illis
796 3622 925 3702 probare
942 3624 1004 3688 sese
1020 3627 1162 3709 volebat,
1187 3630 1217 3694 dr
1236 3631 1324 3697 lirnul
1346 3654 1434 3698 vere·

137 3713 245 3788 batur,
277 3725 311 3773 ut
335 3711 377 3772 eil
394 3708 558 3786 credibile,
583 3728 621 3773 ne
638 3709 657 3770 fi
676 3709 776 3787 vulgo
795 3709 965 3788 legeretur,
991 3708 1021 3769 in
1038 3727 1147 3774 eorum
1165 3718 1434 3796 reprehensionem

138 3797 326 3868 incurreret,
351 3793 404 3871 qui
422 3789 518 3872 longe
535 3791 691 3854 diversum
709 3791 746 3853 ab
764 3788 827 3871 ipso
844 3808 908 3854 non
925 3793 1021 3856 semel
1036 3793 1207 3862 audiissent.
1231 3799 1295 3865 vid.
1314 3795 1434 3868 SLEI·

139 3874 259 3946 DAN.
282 3873 355 3940 Lib.
375 3873 437 3938 Xl.
459 3874 634 3952 sol.174.h

181 3964 232 4043 (e)
256 3959 304 4027 lta
321 3953 601 4024 VERGERlUS
618 3957 649 4022 in
666 3954 758 4022 Pras.
774 3959 800 4023 ei
817 3955 917 4042 Operi
934 3959 950 4024 a
967 3959 997 4026 se
1013 3962 1128 4042 iterum
1143 3964 1228 4032 edito
1244 3964 1399 4032 submissa.
