3322 4456
763 292 894 390 (ua)
1089 374 1095 387 .

233 428 330 503 Cum
357 419 568 520 jampridem
595 418 765 517 praeiatus
791 415 1027 495 Sandlillimus
1044 417 1137 492 Dus.
1154 419 1272 497 noster
1288 421 1423 500 multos
1440 421 1480 502 bc

183 528 300 596 varios
327 521 512 595 Articulos
539 518 611 590 five
638 517 785 589 Errores
804 516 984 609 cujusdam
1004 510 1157 589 Martini
1173 523 1318 595 Lutberi
1334 520 1478 616 pellife-

183 622 297 693 ros&
316 615 551 710 perniciosos,
569 637 610 686 ac
630 615 817 686 Graerorum
837 612 1011 685 Haerestm
1034 614 1070 684 &
1089 614 1300 687 Babemicam
1315 615 1479 713 expressi

182 717 406 787 continentes
416 743 428 798 3
464 712 550 782 olim
578 712 683 783 etiam
711 732 775 803 per
800 708 967 781 Concilia
993 707 1184 780 Generalia
1202 710 1239 781 &
1257 710 1479 792 summorum

182 810 403 882 Pontificum
432 807 739 896 Constitutiones,
775 804 981 896 damnatos,
1008 802 1264 898 &peripsum
1283 812 1479 883 Martinam

183 930 298 1002 nuper
315 905 518 992 suscitatos,
546 903 664 974 habita
680 902 844 996 primitus
863 901 965 996 super
982 900 1138 990 eisdem,
1163 904 1199 974 δ(
1218 926 1341 976 eorum
1358 903 1478 1000 singu·
1531 903 1532 906 '

179 1004 232 1075 las
259 1001 424 1097 diligenti
451 997 677 1090 discussione,
712 1019 817 1092 atque
836 1019 973 1070 matura
992 995 1283 1091 Deliberatione,
1310 1021 1478 1094 tanquam

185 1098 389 1193 pestiferos,
416 1095 626 1190 pernitiosos
645 1097 681 1166 ὃ(
703 1096 913 1185 haereticos,
939 1117 980 1165 ac
1002 1093 1214 1185 srmplicium
1233 1098 1406 1171 mentium
1424 1097 1478 1169 leb

101 1217 106 1224 ·
184 1195 375 1284 duillios,
419 1193 647 1282 veritatique
671 1192 878 1262 Catholicae.
899 1189 1107 1274 obviantes3
1148 1192 1305 1284 ejusdem
1333 1215 1478 1287 quoque

183 1296 340 1366 Martini
364 1288 547 1379 Libellos,
573 1289 703 1381 scripta
721 1312 766 1358 ac>
779 1287 932 1362 scedulas
952 1288 987 1357 in
1008 1287 1160 1375 Latino,
1186 1290 1242 1359 vel
1261 1286 1479 1385 quocunque

182 1391 253 1458 alio
281 1387 458 1459 idiomate
485 1405 645 1478 reperta,
672 1384 913 1474 damnaverit,
932 1383 1207 1478 reprobaverit,
1234 1407 1339 1479 atque
1357 1386 1478 1458 omni·

182 1508 230 1555 no
250 1486 433 1580 rejecerit,
454 1478 591 1576 proque
608 1481 802 1572 damnatis,
821 1478 1018 1574 reprobatis
1038 1481 1073 1552 ὃ(
1093 1479 1231 1573 tejedtis
1250 1481 1293 1553 ab
1311 1483 1478 1556 omnibus

183 1581 320 1653 Christi
337 1577 519 1651 Fidelibus
540 1576 658 1648 haberi
678 1577 825 1666 debere,
851 1577 1070 1664 decreverit,
1091 1576 1127 1648 lic
1146 1575 1388 1652 declaraverit.
1416 1582 1477 1653 ln·

182 1677 411 1772 hibueritque
438 1675 531 1745 idem
558 1672 794 1746 Sane‘iiffimus'
823 1673 912 1745 Dus.
938 1672 1084 1761 noster,
1124 1673 1161 1742 in
1189 1675 1322 1745 virtute
1348 1675 1477 1750 fitndlae

181 1774 437 1860 obedientiae,
457 1768 729 1865 &submajoris
749 1768 1144 1841 Excommunicationis
1161 1768 1352 1863 sententia,
1371 1794 1479 1870 atque
1505 1832 1507 1839 .

175 1872 285 1944 etiam
305 1869 557 1940 haereticorum
579 1869 614 1940 ἃ
637 1869 835 1939 Fautorem
854 1866 1070 1954 eorundem,
1097 1865 1244 1960 aliisque
1262 1871 1477 1963 multiplici·

180 1969 246 2042 bus
264 1966 432 2062 gravibus
451 1965 487 2036 &
508 1963 794 2036 formidabilibus
813 1966 953 2057 poenis,
978 1989 1022 2035 eo
1040 1963 1138 2055 ipso,
1165 1965 1295 2059 absque
1313 1967 1479 2041 ulteriori

177 2063 441 2149 declaratione,
474 2060 676 2131 incurrend.
694 2060 860 2132 omnibus
878 2061 914 2131 δε
937 2060 1104 2154 singulis,
1130 2077 1200 2130 tam
1223 2062 1480 2138 Ecclesiasticis

180 2160 287 2253 quim
313 2153 523 2226 secularibus
552 2153 731 2245 Personis,
766 2150 1013 2248 cujuscunque
1038 2153 1168 2247 gradus
1193 2179 1233 2226 ac
1260 2159 1479 2236 conditionis

180 2273 242 2326 aut
256 2251 548 2346 praeeminentiae
575 2247 691 2322 forent
702 2281 715 2335 t
744 2248 807 2320 Ne
826 2247 994 2343 praeiatos
1012 2271 1167 2339 errores,
1194 2270 1258 2320 aut
1271 2277 1393 2325 eorum
1414 2259 1478 2328 ali·

179 2373 292 2445 quos,
318 2346 481 2435 asserere,
507 2341 701 2438 affirmare,
727 2343 934 2436 defendere,
953 2363 1013 2416 aut
1032 2344 1216 2437 quomodo
1235 2346 1322 2419 libet
1340 2349 1476 2441 favete,

180 2448 238 2518 vel
265 2442 473 2541 hujusmodi
499 2441 682 2530 Libellos,
714 2440 903 2531 Scedulas‚
931 2440 1093 2534 Scripta,
1119 2440 1176 2514 vel
1196 2442 1232 2513 in
1248 2444 1290 2516 iis
1306 2468 1480 2522 contenta

181 2541 373 2636 Capitula,
409 2542 547 2637 legere,
581 2538 745 2628 afferere,
780 2537 1005 2633 imprimere,
1036 2537 1240 2631 publicare,
1266 2539 1477 2639 defendere,

180 2638 238 2710 vel
256 2639 293 2709 in
311 2636 529 2710 sermonibus
547 2633 635 2726 suis,
663 2634 733 2706 five
752 2635 841 2707 locis
858 2634 956 2724 aliis,
977 2630 1116 2729 privat&
1132 2635 1189 2707 vel
1199 2637 1367 2729 occultd,
1386 2665 1479 2733 quo-

177 2734 366 2828 quomodo
390 2739 530 2823 tenere',
557 2730 783 2825 praesumant.
819 2732 930 2803 Prout
949 2733 984 2802 in
1004 2731 1136 2803 Literis
1156 2730 1314 2827 praefatis
1332 2736 1480 2813 sanctiss.

179 2831 272 2905 Dni.
297 2829 407 2902 nostri
434 2828 498 2903 sub
524 2828 674 2923 plumbo
692 2852 773 2900 cum
793 2825 863 2900 filis
881 2826 1013 2902 sericiis
1030 2827 1130 2900 rubei
1151 2830 1187 2902 ὃ(
1208 2827 1326 2923 glauci
1346 2836 1479 2910 coloris

176 2927 436 3026 pendentibus,
474 2950 575 2999 more
600 2928 760 2999 Romana
779 2925 903 2997 Curiae
921 2923 1078 2996 bullatis.
1113 2925 1201 2997 Dat.
1219 2928 1356 3023 erae,
1383 2931 1479 3027 apud

177 3024 348 3101 Studium
378 3026 541 3113 Petrum,
576 3023 683 3094 Anno
712 3024 889 3096 incarnat.
917 3022 1149 3110 Dominicae,
1185 3023 1337 3098 Milllm0.
1372 3030 1478 3123 quin·

177 3120 342 3219 genteffo.
369 3118 590 3210 Vicelfimo,
631 3119 890 3192 x111.Kalend.
917 3120 1039 3213 Julii:
1073 3118 1281 3197 Pontificat.
1307 3122 1357 3195 sui
1384 3149 1478 3201 anuo

103 3221 109 3229 “
178 3216 331 3306 edituo,
356 3216 494 3311 plenius
513 3217 729 3289 continetur.

226 3312 352 3389 Nos
381 3313 493 3407 igitur
518 3314 697 3384 Tnouns
726 3308 925 3382 Cardinalis
951 3309 1147 3399 Eboracenfi
1181 3333 1222 3382 ac
1249 3310 1409 3410 Legatos
1433 3315 1479 3397 de

179 3409 312 3482 Latere
338 3406 505 3492 antedidl.
534 3433 600 3503 pro
626 3408 767 3497 divina,
804 3407 840 3479 &
860 3403 968 3501 ipsius
987 3402 1146 3478 sanetur.
1164 3407 1253 3480 Dni.
1271 3409 1382 3484 nostri
1401 3414 1480 3497 Re·

178 3505 358 3593 verentia,
393 3500 483 3598 ique
509 3503 636 3577 Officii
664 3502 775 3577 nostri
802 3501 948 3593 debito,
982 3502 1189 3598 hujusmodi
1218 3504 1333 3594 Pelii,
1361 3512 1478 3605 prius·

179 3626 285 3699 quam
304 3603 342 3672 in
361 3599 431 3671 hoc
451 3601 589 3697 inclyto
607 3605 740 3700 Angliae
758 3603 891 3698 Regno
903 3599 1042 3672 'radices
1060 3619 1164 3696 agat,
1189 3604 1398 3697 providere,
1417 3630 1479 3703 ac,

178 3722 223 3772 ue
240 3718 404 3792 tanquam
421 3694 554 3788 Veptir
572 3723 689 3771 nocua
706 3694 814 3771 latiiss
833 3696 968 3790 serpat,
985 3699 1078 3769 viam
1098 3698 1319 3791 praeludere
1329 3703 1479 3796 cupien-

178 3817 252 3888 tes,
277 3791 323 3868 de
348 3789 551 3887 Conienlu,
579 3794 780 3874 Voluntate
797 3795 847 3965 δί)
854 3795 1030 3893 Mandata
1047 3791 1235 3892 expressis,
1260 3797 1387 3892 prefati
1405 3801 1478 3967 Pps

1350 3913 1439 3974 teau
1469 3951 1481 3973 .
1598 3965 1601 3973 ,
