3322 4456
729 334 862 434 (203.)

192 464 316 559 Quare
341 460 428 536 ciam
456 454 661 532 mandatum
687 454 762 532 Dei
787 461 911 555 jubeat
935 452 1060 556 fugere
1086 454 1346 546 idololatriam
1375 468 1450 528 aon

144 583 249 634 erunt
264 560 458 633 retinendae
474 557 625 652 privatae
637 553 779 642 Missae,
800 555 997 646 Acmiror,
1016 553 1264 645 curdixerint,
1282 544 1451 646 nerefflarll

144 658 212 732 elle
238 656 457 748 retinendas,
490 676 574 725 cum
592 649 732 724 constet
750 653 838 725 olim
857 653 969 726 nullas
987 648 1101 722 fuiffe.
1144 654 1202 722 An
1219 649 1363 721 deerant
1381 665 1451 747 pu·

144 756 230 827 riori
259 752 432 826 Ecclesaae
459 752 557 821 annia
584 751 751 822 trecentis
775 750 855 846 post
876 746 1090 845 Apostolos,
1126 769 1179 819 res
1197 744 1395 820 necessarie
1414 744 1452 819 in

149 854 251 925 cultu
272 851 368 922 Dei?
394 846 496 941 Quid
516 847 633 942 potest
651 848 723 918 dici
741 846 949 921 absurdius?

196 949 369 1020 Videmus
396 946 573 1018 acerrimis
600 943 721 1016 studiis
747 944 890 1018 defendi
919 944 1072 1039 privatas
1097 939 1241 1033 Missas,
1281 935 1381 1036 quod
1409 932 1456 1009 fir

146 1043 451 1213 illailla
469 1040 1005 1236 lllalllltitillat?
1016 1040 1239 1233 illarii?
1256 1032 1454 1206 illiti}

148 1165 243 1328 ma&
263 1239 418 1333 patitur,
439 1189 545 1328 quiam
566 1238 649 1306 veri
668 1237 786 1331 aliqui
805 1240 964 1324 ratioaea
983 1234 1042 1306 sed
1061 1252 1178 1308 tamen
1198 1187 1302 1304 fir’ma
1320 1231 1357 1304 dt
1373 1245 1456 1324 per·

147 1337 269 1430 spicua
286 1333 386 1407 causa
403 1332 475 1423 est,
503 1355 568 1404 cur
584 1332 747 1428 abrogari
766 1332 929 1407 debeant.
968 1327 1128 1403 Primum
1147 1330 1241 1401 enim
1259 1354 1279 1401 a
1307 1326 1456 1424 plicatio

148 1435 240 1506 haud
258 1431 367 1503 dubie
384 1429 434 1503 est
453 1430 584 1522 impia,
611 1452 681 1501 non
701 1450 856 1502 meretur
873 1430 975 1503 alteri
992 1430 1141 1527 gratiam
1163 1450 1254 1522 opus
1271 1352 1454 1499 iacrificu·

147 1532 195 1623 li,
214 1530 269 1603 sed
288 1527 348 1600 sui
365 1533 514 1621 quisque
533 1524 605 1597 fide
619 1525 734 1623 justas
750 1526 813 1598 est.
835 1527 921 1598 Nec
938 1529 1017 1598 vult
1041 1525 1138 1596 Deus
1149 1523 1332 1595 confidere
1342 1544 1455 1639 quen·

149 1647 253 1722 quam
273 1623 476 1697 ceremoniia
493 1621 566 1692 alla
578 1655 590 1708 t
611 1624 666 1695 scd
686 1643 825 1695 tantum
846 1624 972 1718 Christi
990 1620 1179 1695 beneficio.
1207 1621 1256 1692 Et
1275 1636 1373 1692 certe
1392 1638 1456 1715 ap⁴

148 1722 296 1820 plicatio
324 1741 390 1817 pro
417 1722 569 1791 mortuis
596 1721 701 1814 plena
726 1720 777 1793 est
793 1723 933 1796 erroris.
967 1722 1023 1791 Ac
1042 1716 1171 1790 frustra
1189 1716 1248 1790 hic
1269 1715 1458 1815 finguntur

147 1821 361 1915 laphiimata
377 1817 420 1890 ad
437 1814 671 1889 excusandam
691 1819 981 1914 applicationem.
1002 1817 1127 1889 Nemo
1144 1836 1189 1888 ex
1209 1813 1371 1888 universo
1385 1836 1457 1985 ἕο·

54 1945 59 1953 ·
149 1919 239 2014 pulo
264 1917 367 1988 aliter
392 1912 521 2004 sentit,
556 1914 663 2010 quim
680 1917 878 2009 laocopur
896 1914 1058 2014 pradelle
1075 1913 1248 1986 universa·
1269 1913 1382 1986 Eccle
1446 1967 1456 1988 .

150 2016 232 2110 lpse
247 2016 356 2087 etiam
376 2030 493 2084 canon
511 2011 631 2082 Milite
652 2012 721 2085 hoc
742 2013 946 2106 profitetur.
972 2012 1074 2105 Quid
1094 2012 1223 2083 ludunt
1242 2011 1357 2105 verbio
1376 2011 1460 2106 qui·
1514 2022 1521 2033 '

149 2112 229 2182 dam
249 2109 377 2197 astuti,
401 2109 463 2203 qui
480 2125 613 2202 negant
630 2106 662 2179 se
679 2110 861 2204 applicare
882 2107 1026 2200 Mitras,
1051 2105 1134 2179 ciam
1153 2109 1262 2179 sciant
1278 2109 1343 2179 'luo
1362 2106 1458 2184 fauo

151 2203 356 2277 confirmari
384 2202 512 2296 populi
537 2219 715 2293 errorem,
748 2201 883 2274 etiamfi
911 2204 977 2299 ipfi
1004 2203 1107 2275 aliter
1123 2201 1285 2274 sentiant.
1330 2204 1478 2296 Quane

152 2320 257 2399 quam
277 2313 409 2394 quotus
427 2298 579 2393 quisque
596 2295 699 2368 aliter
715 2295 847 2373 sentit?

201 2396 306 2471 Absit
326 2393 503 2466 fimulatio
521 2398 541 2464 a
560 2393 691 2465 divinis
710 2395 860 2487 ritibus,
887 2415 1031 2469 utamur
1048 2394 1119 2486 eis,
1143 2414 1185 2468 ut
1203 2393 1336 2470 docent
1353 2394 1461 2474 sactae'

28 2545 32 2555 ,
151 2497 289 2587 literae,
317 2495 354 2567 δε
376 2507 418 2564 ut
437 2503 513 2562 moi
531 2488 600 2562 fuit
619 2492 746 2586 primm
766 2492 939 2567 Ecclefiae
957 2494 1096 2589 aliquot
1115 2492 1252 2567 seculis.
1294 2495 1373 2568 Cur
1393 2488 1460 2570 ho·

151 2596 288 2667 minum
307 2590 453 2662 audacia
470 2585 617 2661 discellrt
637 2585 657 2660 a
676 2592 787 2663 veteri
807 2614 928 2683 more,
955 2614 1020 2664 cur
1037 2612 1133 2662 nunc
1150 2589 1355 2666 defenditur
1373 2593 1464 2668 alliu·¹

151 2704 426 2773 camenctum,
451 2688 514 2783 qui
534 2702 761 2760 mutaverunt
779 2689 906 2781 Christi
923 2686 1153 2760 institutum?
1393 2760 1397 2767 ,

197 2787 276 2881 Jam
302 2782 438 2860 etiami]
466 2780 586 2880 fingat·
603 2783 751 2878 aliquis,
783 2784 817 2859 se
834 2809 906 2859 non
925 2787 1125 2883 applicare,
1160 2800 1278 2881 tamen
1295 2786 1345 2860 ita
1361 2790 1462 2862 cele·

151 2887 308 2960 moniam
324 2878 477 2956 seorsum
495 2879 603 2974 facit,
626 2900 668 2955 ut
685 2881 865 2958 existimet
883 2884 974 2959 hanc
993 2883 1212 2956 oblationem
1231 2880 1299 2958 effe
1317 2884 1462 2960 cultuul

151 3006 256 3082 quem
278 2984 378 3056 Deus
395 2981 571 3076 requirat,
592 2979 629 3052 id
646 3002 791 3078 quoque
809 2982 1084 3080 improbandum
1104 2979 1165 3053 cst.
1185 2980 1284 3078 Qaia
1299 2980 1464 3059 noasual

151 3079 358 3155 instituendi
376 3076 496 3151 cultus
514 3079 670 3152 humano
688 3080 838 3153 arbitrio
858 3079 930 3155 fine
948 3080 1116 3153 mandato
1138 3081 1223 3153 Dei.
1455 3108 1458 3117 ·

198 3178 324 3270 Quare
349 3175 499 3246 obsecro
523 3198 587 3271 per
603 3176 755 3270 gloriam
775 3180 921 3270 Christi,
955 3195 995 3250 ut
1014 3179 1057 3250 de
1076 3174 1184 3248 Milia
1203 3196 1275 3247 noa
1295 3172 1463 3252 destadla

151 3273 341 3347 articulum
361 3271 497 3344 decreti
515 3272 634 3364 illius,
659 3271 716 3344 sed
737 3273 823 3348 finar
842 3296 916 3346 rem
935 3267 1146 3371 diligentius
1166 3268 1186 3342 a
1205 3274 1271 3367 piis
1290 3271 1328 3347 &
1347 3273 1371 3346 d
1520 3328 1525 3338 .

148 3368 364 3445 deliberari?
384 3368 523 3441 Nostra
541 3369 674 3442 habant
690 3367 834 3443 evidens
854 3371 890 3445 &
911 3368 1055 3442 firmum
1077 3371 1356 3465 teltimoniump
1412 3366 1416 3373 '

152 3466 350 3559 Ecclefiae,
385 3467 483 3562 quod
509 3485 583 3539 non
609 3466 738 3540 dubito
764 3471 926 3542 omnium
956 3468 1192 3565 posteriorum
1216 3468 1365 3564 judiciis
1393 3466 1464 3569 opi

153 3589 308 3662 ponere,
343 3565 406 3662 qui
432 3584 589 3639 veterem
616 3563 837 3661 dotlrinaaa,
872 3586 1010 3641 veteres
1037 3566 1125 3639 ritus
1143 3564 1266 3640 multis
1283 3566 1463 3642 erro'ribtat

153 3664 459 3737 contaminirunt.
1408 3726 1412 3731 .

199 3761 353 3855 Reliqui
369 3759 513 3834 articuli
530 3776 604 3833 non
622 3760 753 3836 liabent
766 3781 856 3859 opus
871 3758 982 3862 longi
997 3758 1256 3861 disputatione:
1279 3750 1464 3859 v⁰liffl

153 3857 234 3957 pia,
261 3857 410 3953 frutra,
436 3855 1049 4031 impolilbiliauouguntt'etvantla.
1200 3890 1206 3897 ·
1331 3842 1463 4032 ἰΝἾ

167 3978 171 3988 ·
790 3981 861 4033 cz
1413 3974 1462 4033 on
