3322 4456
808 313 825 401 s
836 307 917 408 ra)

218 430 307 510 desit
332 432 495 508 Domino
522 454 588 506 mo
613 428 776 506 minister
799 433 869 508 effe
894 435 1042 532 capiar,
1071 434 1144 510 hnc
1161 436 1330 538 adigere,
1354 461 1399 513 nt
1413 442 1521 519 idum

220 530 308 606 odio
335 532 479 605 habeut:
514 529 579 604 nisi
604 531 747 604 duobur
771 530 928 604 dominia
947 533 1078 606 servire
1093 536 1228 608 alicubi
1243 540 1433 630 didimia,
1459 566 1523 617 ant

218 634 413 704 amicitiam
440 631 595 726 aliquam
624 633 718 702 inter
742 627 931 702 Christum
946 629 1016 702 effe
1032 631 1070 704 dt
1089 632 1217 705 Belial.
1260 637 1373 708 Istum
1392 636 1417 708 fi
1434 643 1524 713 odio

220 726 368 821 habeam
399 734 540 826 cogerit
556 747 639 801 ante
656 731 779 798 omnia
793 727 886 798 male
901 728 1045 820 audue,
1070 729 1263 805 haereticnr
1279 736 1376 826 dici,
1401 737 1520 831 ignor,

221 847 355 939 morter
383 828 420 898 dt
445 844 523 897 utra
539 823 575 896 su
602 824 712 919 pheia
729 827 899 896 intentari
914 827 1058 898 ridere:
1082 851 1125 899 ac
1143 831 1253 923 panio
1270 831 1374 925 post,
1398 833 1463 904 nisi
1480 836 1525 907 ad

221 922 1527 1133 idt,„a⁹‘”‚³dffl⁰;m⁹'c⁰hisshhz

225 1118 302 1193 ssrrr
321 1141 476 1217 pugnam
494 1115 689 1190 conserere.
731 1116 825 1189 Satis
841 1120 938 1189 enim
949 1119 1026 1216 jam
1041 1120 1266 1214 exasperatur
1282 1123 1359 1215 est,
1384 1146 1527 1198 tantum

222 1216 318 1291 enim
335 1224 385 1290 rei
404 1216 442 1288 dt
462 1216 576 1311 copiis
592 1214 692 1311 ejur,
715 1211 803 1286 dnm
819 1214 1025 1310 aliqrnndin
1040 1219 1278 1310 praedicatum
1295 1220 1348 1290 est
1359 1222 1527 1321 Evange-

221 1312 336 1408 lium,
361 1308 525 1404 deocssrt,
549 1330 591 1383 ut
610 1335 647 1381 ra
664 1309 947 1402 desperationem
963 1337 1082 1386 rernm
1097 1317 1263 1387 omnium
1279 1316 1448 1410 macrus,
1470 1321 1526 1391 ui·

222 1413 313 1485 tima
330 1410 488 1521 experiri
506 1429 672 1506 cogatur.
712 1409 791 1480 Hic
807 1412 968 1482 animun
982 1413 1134 1505 explora
1148 1433 1276 1503 tunm,
1300 1416 1338 1488 ἃ
1359 1417 1527 1488 humeros

221 1528 407 1601 armana,
433 1506 519 1605 quid
545 1528 698 1601 querar,
721 1507 811 1602 quid
833 1507 926 1581 serre
940 1509 1126 1604 mutent,
1149 1512 1276 1585 senties
1291 1537 1378 1586 mox
1397 1535 1435 1587 te
1452 1534 1526 1586 tam

221 1606 325 1706 grati
342 1604 540 1679 adversario
558 1608 745 1711 imparem.
787 1607 849 1676 Ad
864 1609 947 1680 btc
960 1607 1051 1678 adde
1065 1610 1155 1681 alios
1174 1613 1448 1685 innumerabiles
1465 1611 1528 1709 qui

222 1723 350 1780 contra
376 1725 413 1778 te
437 1702 643 1775 dimicatum
668 1700 751 1773 snat
766 1700 908 1791 aona,
931 1705 1160 1791 iumenta,
1186 1705 1245 1772 sed
1264 1706 1419 1800 peffimae
1437 1732 1528 1779 con.

219 1798 436 1880 suetudinis:
472 1800 614 1889 Patres,
645 1794 706 1871 sod
782 1796 941 1867 'vitrici
957 1792 1033 1865 sete
1049 1794 1156 1881 hant,
1180 1819 1263 1865 nam
1282 1802 1432 1870 rethom
1453 1802 1526 1871 Dei

223 1898 353 1978 crebro
378 1902 483 1993 juxta
509 1896 694 1969 libidinem
777 1886 788 1901 ⁸
836 1912 926 1964 unm
941 1886 1086 1964 suorum
1103 1891 1342 1965 detorserunt.
1383 1894 1527 1966 Princi-

223 2019 310 2113 per,
333 2002 395 2096 qni
415 1995 470 2067 hir
489 1993 685 2082 insanierat,
700 1986 788 2063 dum
805 1984 1000 2063 t‘eeundnm
1017 1987 1091 2061 boc
1106 1988 1205 2087 qnod
1219 2012 1338 2062 veram
1353 1992 1526 2088 pietatem

222 2116 235 2171 r
331 2116 420 2186 aar,
463 2095 553 2166 nihii
584 2086 683 2162 ahud
715 2109 825 2186 quam
850 2089 1129 2162 tumultuantur.
1176 2086 1289 2162 Unde
1313 2090 1351 2161 in
1377 2109 1527 2186 gregem

260 2192 360 2271 hrissi
388 2192 492 2268 saciic
516 2186 721 2266 extimubri
745 2206 943 2286 poterunt,
975 2185 1140 2262 Mundus
1163 2205 1289 2280 totns,
1319 2190 1531 2280 andepo,

222 2292 263 2375 dt
289 2294 465 2371 maiorum
492 2290 658 2365 examina
682 2285 979 2363 simulomniurn.
1020 2286 1119 2361 Haec
1137 2287 1283 2386 inquam
1300 2286 1421 2358 omnia
1438 2284 1531 2373 tibi,

222 2414 412 2494 antequam
439 2391 546 2465 telam
565 2390 726 2478 ordirre,
751 2386 987 2480 expendenda
1002 2406 1131 2460 erunt:
1156 2409 1202 2458 ne
1218 2388 1256 2456 in
1273 2381 1390 2457 media
1407 2401 1532 2476 pugna

222 2496 383 2572 remittat
400 2490 566 2581 brachia,
592 2489 631 2563 &
650 2484 748 2582 fugae
768 2482 975 2580 praefidiom
995 2507 1154 2584 quaeras,
1177 2503 1258 2553 narn
1279 2479 1327 2553 fic
1343 2476 1471 2569 fieret,
1488 2495 1532 2550 ut

221 2593 401 2692 postrema
425 2588 603 2662 deteriora
621 2584 747 2681 primis
763 2582 1007 2659 redderentur.
1046 2581 1126 2675 Jam
1143 2596 1203 2671 te,
1228 2576 1389 2654 fibonus
1407 2596 1531 2648 orator

222 2686 350 2778 essem,
371 2690 406 2760 8<
419 2707 458 2758 tu
478 2685 625 2757 carnalia
641 2680 747 2772 effer,
764 2682 809 2753 ad
828 2683 1108 2775 desperationem
1128 2678 1298 2752 nimirum
1316 2672 1530 2767 adegissem,

223 2802 265 2860 ut
294 2786 360 2855 'am
389 2778 540 2854 latebras
566 2778 688 2875 potius
714 2779 935 2849 meditareris
959 2779 1068 2870 qudm
1095 2777 1325 2845 concionem.
1367 2767 1437 2833 Sed
1455 2787 1529 2835 non

251 2898 362 2952 atrtnr
389 2876 461 2947 hoc
487 2875 548 2966 qui
567 2892 603 2945 te
620 2869 813 2941 extimulat
832 2869 970 2940 Christi
988 2869 1153 2958 spiritur,
1178 2866 1242 2950 qni
1257 2858 1436 2954 ejusmodi
1453 2883 1528 2931 ma·

223 2902 441 3051 sitammam
460 2966 557 3036 acuit
576 2961 824 3059 potiusquam
844 2958 1024 3030 retundat.
1058 2957 1146 3050 'Age
1162 2952 1276 3050 igitur
1293 2956 1433 3051 optime
1452 2959 1528 3051 vir,

225 3072 262 3149 dt
292 3088 331 3141 tu
351 3068 386 3139 i‘n
406 3059 535 3135 Galliis
552 3055 675 3132 restris
692 3051 895 3128 Christiana
911 3073 1089 3127 armatura
1106 3054 1266 3127 munitus
1284 3056 1320 3125 in
1339 3054 1529 3149 publicum

223 3165 394 3272 prodeat,
428 3158 634 3256 sublataque
659 3151 766 3227 instar
791 3152 891 3226 tubae
908 3174 1003 3227 voce
1021 3151 1261 3248 Evangelium
1280 3153 1419 3226 Christi
1437 3157 1528 3224 invi-

224 3271 269 3347 tir
297 3260 464 3340 omnibus
491 3260 623 3357 puppis
639 3256 678 3330 dc
697 3254 802 3352 Papia
820 3251 1007 3350 praedicer.
1049 3249 1215 3327 Christus
1234 3249 1411 3324 classicum
1432 3254 1529 3323 ceci·

223 3370 300 3459 nit,
336 3356 595 3463 imprcffionem
621 3357 656 3428 ia
674 3350 891 3444 phariseos,
916 3352 1060 3428 Scribas
1078 3352 1116 3425 ὅτ
1135 3350 1343 3446 hypocritas
1362 3350 1531 3424 facturus.

224 3466 320 3561 Quis
347 3467 527 3536 dexteram
556 3456 597 3529 ad
627 3455 791 3554 prelium
819 3475 891 3524 noa
916 3449 1094 3524 armabit?
1130 3449 1210 3521 Leo
1235 3451 1378 3546 rugiet,
1413 3449 1531 3541 inquit

221 3563 427 3660 Propheta,
463 3559 540 3652 quis
567 3578 639 3628 non
666 3550 828 3626 metuet?
862 3549 1011 3626 Christo
1039 3573 1103 3647 per
1127 3547 1307 3620 ministros
1327 3546 1407 3621 suos
1424 3545 1530 3618 deto-

224 3682 353 3748 nante,
388 3658 466 3753 quis
486 3679 528 3726 ex
550 3652 711 3727 hostibus
729 3674 801 3722 non
821 3649 993 3745 pavebit?
1022 3645 1097 3720 imb
1114 3645 1331 3743 dispeream,
1358 3644 1475 3717 finon
1494 3646 1531 3717 in

226 3763 314 3839 totit
340 3759 461 3834 castris
489 3754 631 3826 iliorum
652 3751 872 3847 trepidatur:
898 3747 987 3821 adeo
1005 3767 1216 3838 vertuntur,
1243 3765 1430 3835 rotantur,
1455 3767 1532 3814 am·

227 3858 235 3863 ’
256 3858 382 3960 ignat,
416 3875 458 3930 ut
485 3854 570 3954 quid
590 3850 733 3926 consilii
752 3847 905 3925 secuturi
926 3844 1014 3943 fiat,
1040 3844 1202 3919 nondum
1220 3845 1451 4010 exploratu?
1470 3842 1532 3910 ha.

1440 3955 1534 4010 eant.
