3322 4456
141 280 307 374 Auru·
398 262 1105 358 ⁴ttuuovart.
1369 284 1442 364 2a9

139 404 256 491 redit,
293 451 320 492 ,‚
340 397 548 474 Concilium
574 392 795 467 &Pontifice
813 415 1054 468 convocatum
1073 393 1161 488 esse,
1189 400 1291 495 cujus
1310 399 1370 473 ille
1389 400 1439 474 rei
1497 442 1509 463 ·

140 551 168 595 „
186 499 408 594 *potestatem
429 517 502 565 non
522 492 668 580 habeat,
689 492 724 564 dt
745 512 987 562 convocatum
1005 490 1161 586 essequo
1181 515 1343 592 tempore
1361 496 1438 570 bel·

138 647 167 690 „
194 597 266 669 lum
294 595 413 665 ardeat
440 588 587 661 Caelaris
613 609 697 658 curn
723 588 830 683 Rege
859 587 1012 677 Galliae,
1040 588 1259 663 &Mantuae
1276 592 1438 689 defigna·
1483 601 1486 604 ’
1521 659 1546 687 ⁴.
1587 629 1593 639 ·

138 743 166 786 ,‚
193 711 270 765 tum
296 688 364 761 else
391 688 535 773 locum,
570 679 645 778 qub
671 705 743 753 non
770 681 937 756 omnibus
964 684 1085 756 uenire
1111 704 1229 756 tutum
1260 687 1438 785 sitneque
1562 749 1574 765 ,

139 840 166 881 „
190 784 423 860 commodum
435 813 449 868 3
477 781 524 854 Se
540 779 684 873 quidem
703 801 747 850 ex
766 779 885 851 animo
902 803 1034 876 cupere
1044 779 1253 853 Concilium
1265 785 1437 860 Christia·
1525 804 1528 809 ’

137 934 166 976 ,,
191 905 298 970 num,
326 878 384 951 sed
402 878 445 949 ad
463 874 697 948 Pontificium
718 876 871 947 minime.
885 896 1075 948 venturum
1094 875 1183 967 esse,
1210 901 1323 974 neque
1341 882 1438 978 lega·
1528 920 1543 945 ·

139 1029 167 1073 „
192 997 249 1051 tos
267 977 373 1049 etiam
393 971 598 1047 missurum:
627 972 724 1043 Nam
744 972 815 1044 hoc
833 972 902 1043 illis
918 971 988 1045 esse
998 975 1206 1069 proprium,
1226 974 1436 1050 utsuiemo·

139 1126 168 1167 ‚,
194 1071 343 1145 lumenti
363 1069 483 1159 causa,
510 1068 749 1144 &Christum
769 1069 806 1142 δι
825 1069 1011 1143 veritatem
1031 1070 1066 1140 in
1084 1071 1259 1169 ejusmodi
1278 1096 1437 1145 conven-
1559 1133 1564 1149 .

139 1222 167 1264 „
194 1169 291 1243 tibus
309 1169 536 1265 oppriman13
566 1163 675 1236 Nihil
693 1160 782 1238 verb
801 1161 866 1236 fibi
886 1189 967 1238 cum
989 1165 1172 1262 Episcopo
1190 1168 1437 1244 Romanocsse
1511 1197 1529 1218 ⁴

139 1317 167 1360 „
192 1287 405 1354 commune,
431 1285 497 1335 nec
515 1260 609 1334 illius
626 1258 740 1333 edid'ta
759 1261 872 1357 magis
888 1260 932 1334 ad
951 1261 984 1333 se
1003 1263 1179 1357 pertinere
1195 1287 1299 1360 quam
1318 1266 1440 1359 cujus·

138 1415 165 1458 „
191 1364 244 1435 vis
271 1363 413 1434 alterius
437 1356 620 1455 episcopi:
659 1359 718 1430 De
743 1356 892 1430 Caesaris
917 1378 1025 1453 atque
1051 1360 1197 1457 Regum
1224 1360 1438 1437 audloritate

136 1511 165 1556 „
189 1460 383 1532 convocari
411 1455 513 1528 solita
530 1453 598 1526 esse
617 1454 803 1526 Concilia:
836 1455 931 1526 hunc
949 1452 1027 1526 sane
1047 1480 1182 1529 morem
1201 1456 1271 1530 else
1286 1482 1435 1554 recupe-

136 1554 338 1649 „randum
367 1556 437 1626 hoc
463 1549 658 1649 praesertim
686 1571 870 1645 tempore,
905 1552 1048 1647 quando
1075 1574 1146 1624 tam
1165 1577 1290 1649 graves
1310 1556 1437 1631 habeat

90 1722 92 1727 .
135 1704 164 1745 „
190 1652 409 1724 accusatores
435 1648 628 1739 Pontifex,
664 1670 778 1744 neque
801 1666 921 1719 tamen
945 1646 1077 1744 absque
1094 1652 1181 1721 vitae
1200 1652 1362 1746 periculo
1380 1679 1435 1739 re·

132 1799 163 1842 „
190 1748 362 1845 prehendi
388 1743 492 1844 possit
518 1745 556 1819 δε
582 1743 738 1817 accusari
763 1767 906 1837 coram,
939 1743 1004 1817 nifi
1032 1746 1234 1842 legitimum
1264 1748 1437 1824 habeatur
1483 1799 1486 1804 -

132 1897 161 1940 ‚,
186 1846 404 1919 concilium:
442 1844 533 1916 Non
559 1843 667 1914 etiam
688 1841 751 1915 srbi
772 1839 911 1938 suisque
929 1861 1074 1915 cautum
1092 1841 1159 1916 elle
1177 1842 1248 1917 fide
1266 1845 1434 1942 publica,

132 1993 160 2036 „
187 1943 246 2032 δι,
271 1962 312 2015 ut
330 1957 476 2015 cautum
497 1938 561 2029 lit,
588 1958 706 2012 tamen
724 1939 863 2011 obstate
880 1939 1062 2012 manifesta
1078 1942 1259 2037 pericula,
1279 1966 1344 2015 cur
1360 1967 1435 2016 non

132 2090 160 2133 „
187 2040 328 2125 veniat,
364 2040 520 2127 etenim,
554 2054 595 2107 ut
615 2035 722 2107 fidem
740 2035 885 2126 fallant,
913 2037 949 2110 bt
970 2038 1201 2110 innocentum
1221 2061 1349 2111 cruore
1366 2039 1436 2115 sese

132 2183 161 2226 ‚,
187 2134 391 2227 respergant
418 2154 524 2244 atque
551 2132 733 2220 polluant,
774 2155 847 2202 non
864 2130 931 2204 else
949 2130 1184 2224 pontificibus
1201 2134 1437 2229 inusrtatum,

132 2277 161 2322 „
187 2225 248 2316 &,
286 2247 328 2297 ut
350 2226 427 2296 aliis
446 2250 491 2295 eo
512 2226 634 2296 venire
655 2226 697 2295 stt
715 2229 920 2320 integrum,
949 2227 1011 2299 fibi
1032 2246 1148 2301 tamen
1166 2230 1373 2325 gravissimis
1391 2236 1437 2310 de

133 2375 161 2418 „
187 2318 299 2393 causis
327 2343 402 2392 non
425 2317 515 2409 esse,
551 2320 610 2389 cui
630 2317 795 2415 pontifex
814 2319 938 2393 tendat
954 2321 1116 2413 insidias,
1141 2349 1246 2419 quem
1265 2328 1380 2402 oderit
1397 2355 1435 2403 a·

131 2471 160 2515 „
186 2413 406 2509 cerbillimd,
440 2418 476 2490 dt
505 2417 541 2486 in
568 2413 754 2487 summum
771 2418 894 2489 odium
922 2419 1016 2514 apud
1035 2419 1121 2491 alios
1140 2443 1240 2517 reges
1259 2424 1434 2497 adducere

132 2568 159 2612 ‚,
184 2535 357 2603 conetur,
390 2511 554 2585 nonalia
580 2509 745 2605 prosette
772 2513 816 2584 de
833 2511 953 2606 causa,
980 2536 1084 2609 quam
1105 2521 1202 2609 quod
1220 2517 1328 2610 ipsius
1348 2544 1433 2612 pro·

131 2666 160 2710 ‚,
186 2610 312 2708 fligata
331 2610 374 2682 lit
392 2609 412 2682 ὲ
430 2609 493 2682 suo
511 2630 623 2702 tegno
641 2611 818 2706 tyrannis,
839 2611 995 2684 &annui
1016 2609 1136 2683 census
1156 2612 1280 2686 sublati
1292 2645 1305 2699 ς
1325 2638 1433 2712 quam

130 2764 159 2806 „
185 2709 264 2780 sane*
291 2732 365 2779 rem
394 2704 632 2803 indignissime
658 2707 769 2797 serat,
799 2703 919 2802 ebque
945 2711 1057 2805 magis
1083 2710 1180 2800 quod
1207 2732 1362 2803 metuat,
1389 2738 1434 2789 ne

129 2806 295 2903 „ceteri
322 2807 445 2900 Reges
471 2806 640 2898 exemplo
665 2803 728 2876 suo
755 2806 909 2896 moniti,
945 2808 1038 2877 idem
1066 2805 1256 2899 aliquando
1276 2805 1429 2885 faciant:

130 2957 157 3000 „
186 2904 301 2975 Nunc
327 2902 434 2975 etiam
459 2898 502 2972 ad
522 2900 682 2973 calendas
700 2924 810 2996 usque
830 2902 1061 2974 Novembres
1081 2926 1317 3000 prorogatum
1338 2906 1432 2980 scili-

129 3053 158 3096 „
183 3021 241 3074 cet
268 2996 337 3071 esse
362 2997 581 3087 concilium,
615 3021 731 3095 neque
759 3018 876 3071 tamen
904 3000 1079 3089 adscribi,
1114 3024 1186 3094 quo
1206 3002 1290 3076 loco
1309 3001 1352 3078 stt
1371 3007 1433 3079 ha·

129 3124 157 3191 ς,
181 3095 362 3186 bendum,
397 3095 435 3167 δε
463 3095 498 3164 in
527 3093 693 3165 Mantuae
720 3096 921 3190 principem
945 3097 1100 3168 conserti
1120 3097 1287 3193 culpam5
1315 3126 1434 3177 annon

130 3243 158 3286 „
183 3191 255 3263 hoc
282 3190 346 3282 lit,
380 3189 505 3262 orbem
525 3210 696 3263 terrarum
718 3190 928 3284 ludificare?
965 3194 1201 3264 Mantuanum
1223 3193 1322 3267 certe
1341 3194 1433 3272 nihil

129 3340 157 3383 ‚,
182 3310 354 3384 peccare,
389 3289 451 3382 qui
480 3284 574 3359 suam
601 3285 725 3359 urbem
755 3308 866 3359 tantae
893 3288 1080 3360 hominum
1099 3290 1321 3362 multitudini
1340 3295 1435 3372 nolit

128 3437 156 3479 „
181 3383 314 3480 absque
334 3382 501 3479 ptaefidio
519 3384 772 3472 committere,
790 3383 845 3454 sed
866 3385 903 3453 in
922 3384 1035 3478 ipsum
1056 3408 1166 3457 unum
1185 3385 1252 3458 esse
1267 3389 1432 3486 rejicien-

128 3532 156 3573 „
180 3481 267 3553 dum
286 3494 439 3554 'omnem
466 3482 633 3575 culpam,
667 3481 729 3573 qui
758 3479 849 3551 nihil
867 3499 949 3576 agat
968 3479 1101 3554 nocere
1121 3482 1177 3555 sed
1197 3488 1317 3558 omnia
1336 3487 1433 3563 stau·

129 3626 158 3671 „
182 3575 374 3667 dulenter,
394 3578 432 3650 δε
451 3579 629 3673 captiose:
666 3574 763 3672 quod
784 3574 807 3646 fi
822 3577 894 3672 jam
913 3578 1016 3649 aliam
1036 3577 1131 3652 sorte
1148 3584 1296 3654 concilii
1317 3583 1433 3661 sedem

128 3723 157 3768 ‚,
182 3669 402 3761 constituet,
421 3671 609 3763 futurum,
627 3694 670 3745 ut
688 3694 751 3746 aut
766 3673 917 3771 alicujus
937 3674 1135 3771 Principis,
1154 3680 1213 3772 qui
1234 3679 1277 3752 lit
1295 3682 1358 3776 ipsr
1371 3686 1433 3758 de·

129 3820 160 3866 „
182 3763 347 3858 vinetus,
380 3786 443 3842 aut
467 3768 538 3844 suae
564 3771 711 3857 ditionis
736 3769 862 3843 urbem
889 3773 1042 3869 aliquam
1069 3772 1257 3874 designet:
1292 3802 1432 3874 peram·

725 3867 836 3965 ΗΞ
1290 3876 1449 3972 „psam
