3322 4456
180 327 348 420 aruo.
510 307 1142 394 uuulovnrr.
1403 333 1468 412 303

179 445 335 539 bliorum
354 438 543 515 lediionem
561 437 668 508 etiam
686 431 805 506 Laicis
823 433 1083 507 concedendam
1100 433 1247 510 eduens
1264 439 1469 530 Bonncrus,

179 565 225 616 ne
251 563 324 614 non
349 530 596 610 obsecundasse
622 531 825 619 videretur,
856 527 915 602 sex
941 531 1114 624 majorum
1135 533 1334 606 Bibliorum
1352 558 1472 606 exem·

177 637 291 806 pluria
315 630 459 707 diverfis
483 627 572 701 loeis
597 627 636 697 in
662 624 739 696 aede
766 623 817 696 D.
840 623 940 696 ΡιιιιΙί
965 624 1206 717 Londineofi,
1239 649 1281 702 ut
1297 632 1412 705 cuivis
1428 655 1470 703 ea

191 732 318 808 adiuro
334 743 472 824 pateret
489 722 622 814 aditus,
644 718 811 793 constitui
826 717 946 815 jussit,
964 719 1050 814 bac,
1070 722 1267 812 columnis,
1286 726 1413 817 quibus
1429 726 1468 801 u

178 829 324 921 alligata
347 843 445 894 erant
464 818 603 909 Biblia,
628 812 732 888 affixa
749 813 1015 889 adhortatione:
1058 868 1085 909 „
1107 816 1185 908 Ut,
1210 839 1389 914 quotquot
1409 822 1468 893 ist·

178 971 208 1016 ,‚
233 923 305 994 huc
333 916 449 991 Biblia
473 912 690 1023 ledonis),
716 911 783 983 fiat
800 911 989 1022 accessuri,
1016 912 1051 984 id
1070 910 1224 1023 faciant,
1247 914 1377 1007 absque
1394 936 1468 988 am·
1585 909 1589 914 '

178 1067 208 1109 ,‚
232 1014 372 1090 bitione
397 1013 434 1087 &
461 1007 665 1120 hypoc'rrfi‚
699 1030 765 1081 ceu
790 1007 1049 1101 cupiditatibus
1075 1018 1268 1103 pervertis,
1304 1010 1359 1082 sed
1386 1034 1469 1084 cum
1614 1025 1618 1031 .

179 1162 208 1206 „
234 1108 443 1205 prudentia,
467 1106 561 1179 bona
578 1104 796 1194 intentione,
821 1104 1014 1193 charitate,
1032 1107 1227 1177 reverentia
1245 1106 1281 1177 dt
1300 1109 1471 1201 tranquil·

177 1257 207 1300 „
232 1207 334 1279 litate
357 1203 399 1275 ad
426 1203 618 1275 animarum
636 1197 771 1272 suarum
790 1197 1087 1287 aedificationem,
1116 1201 1276 1274 Caveant
1293 1199 1401 1291 verb,
1426 1224 1472 1274 ne
1565 1236 1575 1259 ·

177 1352 208 1396 „
231 1299 375 1398 plebem
394 1299 574 1386 alliciant,
599 1319 664 1369 nec
682 1317 817 1389 eaquae
837 1294 1021 1392 legerunt,
1046 1318 1249 1391 exponant,
1274 1319 1389 1390 neque
1403 1299 1473 1372 alta

23 1405 28 1408 ’
179 1448 208 1493 ,,
233 1420 326 1471 uoce
350 1395 493 1491 legant,
526 1416 592 1465 nec
612 1412 774 1487 tempore
792 1393 911 1464 cultus
928 1391 1066 1485 publici
1086 1391 1270 1489 strepitum
1289 1396 1473 1488 excitent,

179 1542 210 1588 ,‚
233 1516 301 1567 nec
318 1492 409 1566 ullas
425 1490 469 1562 de
486 1489 591 1563 rebus
607 1488 711 1562 sacris
730 1485 879 1560 babeant
897 1487 1181 1582 disceptationes.
1200 1541 1229 1579 „

224 1584 367 1664 latered
383 1585 546 1679 frequens
563 1604 637 1656 erat
655 1582 784 1679 populi
801 1583 844 1655 ad
864 1584 1055 1679 legendum
1074 1587 1205 1678 pariter
1214 1605 1319 1679 atque
1328 1584 1472 1659 audien·

176 1683 264 1759 dum
282 1681 491 1777 scripturam
510 1678 725 1766 confluxusa
752 1679 869 1775 piures
885 1680 1103 1776 praeiegendi
1121 1704 1231 1754 artem
1241 1680 1382 1772 edodti,
1400 1683 1473 1755 cla·

175 1802 284 1878 reque
309 1801 403 1852 uoce
427 1775 612 1867 instrudii,
644 1775 773 1872 saepius
798 1775 886 1847 iiiuc
913 1799 984 1848 non
1013 1776 1083 1849 fine
1100 1799 1215 1850 turma
1233 1802 1292 1850 eos
1309 1778 1474 1872 sequente

175 1873 382 1953 veniebant.
424 1875 501 1948 Alii
525 1873 654 1947 liberos
679 1898 724 1947 eo
745 1870 817 1944 fine
835 1872 878 1944 ad
896 1873 1031 1947 scholas
1050 1875 1263 1964 mittebant,
1287 1874 1361 1970 quo
1381 1872 1474 1970 ipsos

60 2035 63 2039 .
176 1970 527 2065 fimumtemplum
547 1969 723 2043 deducere
740 1966 878 2063 paffent
896 1970 938 2041 ad
957 1971 1142 2064 audiendas
1153 1971 1365 2067 scripturas,
1392 1970 1473 2046 Ne·
1575 1972 1579 1976 ’

269 2067 383 2141 ferme
400 2066 503 2138 aliter
521 2065 599 2136 fieri
617 2085 783 2160 poterat,
808 2066 895 2158 quin
912 2066 1154 2162 [sepenumero
1172 2071 1265 2141 inter
1284 2068 1473 2165 legendum

175 2091 504 2254 drsmpturarum
531 2160 627 2230 sensu
655 2158 819 2255 quaedam
844 2162 936 2231 inter
960 2186 1020 2234 eos
1038 2167 1239 2238 exoriretur
1255 2164 1472 2260 disputatio:

177 2253 276 2348 Quia
298 2253 394 2326 enim
420 2273 456 2321 v.
474 2274 512 2346 g.
539 2252 664 2325 Verba
688 2250 1228 2349 institutionis‘Eucharisticae‚
1253 2262 1367 2333 araia
1384 2286 1424 2332 ax
1439 2285 1477 2334 ea

178 2375 306 2441 ms,
340 2346 397 2420 vei
423 2364 634 2442 argumenta
660 2345 785 2438 Pauli,
816 2350 974 2445 adversas
998 2358 1122 2426 cultam
1143 2357 1257 2450 lingua
1272 2362 1383 2451 ignora
1396 2377 1473 2450 per·

179 2456 311 2539 aaut,
329 2445 449 2542 legere
467 2442 525 2517 rel
542 2441 664 2518 audire
682 2441 874 2539 potuiffet,
894 2447 980 2542 quio
998 2448 1036 2520 in
1054 2471 1129 2520 eam
1149 2451 1320 2522 incideret
1337 2450 1475 2524 senten·

180 2547 294 2635 mam,
325 2542 473 2614 calicem
503 2537 639 2614 sacrum
667 2541 784 2613 minua
809 2539 905 2614 redii
931 2543 1278 2618 communicantibus
1295 2543 1476 2636 subtrahi,

181 2642 220 2716 dt
247 2637 386 2713 cultum
403 2635 539 2710 sacrum
559 2639 674 2711 minua
693 2635 788 2711 redii
807 2638 930 2736 lingua
946 2641 1075 2714 Latina
1092 2643 1237 2739 peragi,
1263 2643 1399 2738 quippe
1415 2641 1476 2713 cui

180 2736 286 2836 picbs
310 2736 431 2831 ignara
456 2756 530 2806 non
557 2731 662 2829 poffit
684 2734 773 2807 illud
790 2741 902 2809 Amen
915 2739 1120 2812 acclamare.
1163 2739 1217 2812 Ea
1231 2760 1307 2829 res,
1332 2738 1387 2810 uti
1404 2758 1479 2811 non

181 2851 326 2932 poterat
350 2853 423 2903 non
441 2827 541 2903 sudes
557 2828 627 2901 effe
644 2831 682 2903 in
694 2831 813 2904 oculis
831 2833 1129 2924 Pontificiorum,
1155 2835 1206 2908 ita
1221 2836 1324 2907 nouis
1340 2833 1384 2907 ad
1402 2835 1479 2907 Re·

182 2953 267 3028 gem
294 2924 493 3002 deferendis
519 2927 671 3022 querelis
687 2926 799 3001 aniam
819 2928 945 3021 dabat,
972 2930 1068 3028 quafi
1086 2930 1208 3004 multis
1224 2930 1340 3003 modis
1356 2954 1395 3005 en
1412 2953 1478 3027 po·

183 3026 309 3101 testate
336 3023 479 3121 legendi
497 3023 721 3119 Scripturam
738 3025 991 3117 abuterentur,
1018 3028 1122 3120 seque
1139 3025 1262 3102 favore
1279 3028 1381 3124 regio
1397 3028 1479 3102 red·

184 3123 309 3195 dereot
336 3122 503 3217 indignos
530 3121 657 3206 brici,
682 3121 769 3194 adeo
789 3144 829 3194 ut
850 3125 1034 3195 Bonnerus
1055 3124 1133 3218 (b),
1160 3126 1348 3217 impetrata
1364 3126 1423 3196 Re
1451 3124 1481 3198 is

184 3218 310 3307 venia,
343 3219 496 3311 repetita
521 3219 621 3305 vice,
663 3219 855 3312 „nequis
880 3220 1001 3316 Regio
1027 3218 1150 3292 favore
1166 3219 1392 3310 abuteretur,
1466 3270 1480 3311 ,

186 3363 214 3409 „
232 3314 329 3386 nitra
352 3335 458 3408 quam
486 3311 536 3386 fas
561 3312 628 3386 ede
654 3312 891 3404 opinabantur
917 3314 1125 3407 Pontificii,
1158 3315 1360 3412 sapientiam
1379 3330 1479 3410 pete·

185 3461 218 3504 ,‚
234 3430 312 3502 ret,
331 3460 358 3500 „
391 3411 619 3502 admoneret,
646 3407 785 3499 addita,
814 3411 850 3480 in
870 3410 965 3483 secus
983 3410 1173 3504 facientes,
1199 3411 1243 3484 de
1261 3411 1486 3487 removendis

187 3531 232 3579 ex
258 3506 397 3603 templo
424 3506 573 3600 Biblns,
606 3507 888 3582 comminatione
913 3504 1041 3582 severa.
1082 3509 1155 3602 Et,
1183 3531 1382 3607 quanquam
1402 3527 1482 3583 tum

1427 3628 1483 3679 ιιι·

230 3743 280 3824 (a)
303 3737 518 3808 BURNET.
542 3746 566 3809 1.
582 3764 611 3812 c.
633 3747 694 3813 tol.
713 3746 783 3815 168.
800 3769 827 3815 a.
875 3747 907 3813 oi
932 3747 962 3814 ἀ
987 3750 1019 3814 in
1043 3744 1258 3815 Documeotis
1274 3747 1313 3813 ad
1330 3627 1486 3817 Lrbqlli.

187 3843 291 3992 ιῶ.
303 3825 839 3982 Bdfflffieffllaqmtpgoqiuoaem
905 3835 1085 3901 uaeriamm
1101 3829 1232 3900 Ledaei
1247 3832 1384 3899 exbibet,
