3322 4456
758 300 857 404 (lo)

163 434 235 511 lroc
252 456 296 510 ex
315 430 544 531 Evangelia,
569 427 727 529 epistolis
745 429 870 522 Pauli,
900 425 1057 506 &fadis
1074 428 1211 506 Christi
1227 431 1358 533 colligi
1376 442 1464 530 pot·¹

159 532 226 607 est.
261 535 331 606 His
352 532 523 627 siquidem
541 552 631 627 quos
650 525 812 601 Christus
832 524 894 601 sub
912 547 1062 622 utraque
1080 528 1197 623 specie
1215 534 1463 607 communica·

161 633 238 722 vit,
271 630 456 701 instituens
484 631 553 700 hoc
581 629 873 717 Sacramentum,
908 626 1084 721 praecepit
1109 648 1151 700 ut
1168 628 1261 700 idem
1282 629 1462 723 facerent,

159 724 259 824 quod
277 725 348 822 ipse
367 727 518 820 fecerat,
539 726 608 797 hoc
626 722 699 813 est,
718 721 962 811 conficerent,
981 721 1037 794 seu
1057 722 1301 799 consecrarent
1315 727 1461 800 Eucha-

157 824 315 914 ristiam,
349 824 490 915 dicem,
524 825 599 897 Hoc
617 820 727 916 facite
751 824 787 890 in
811 845 915 893 meam
932 828 1280 913 commemorationem,
1308 824 1342 893 id
1363 823 1463 918 quod

160 923 268 993 nullis
288 920 409 993 Laicis
428 940 636 1013 competere
654 915 795 1014 potest,
820 916 877 990 sed
896 915 977 990 solis
996 918 1249 1015 Sacerdotibus
1304 921 1461 994 Proinde

152 1017 260 1116 justis
284 1017 395 1090 caufis
414 1017 558 1089 indudla
578 1014 739 1088 Ecclesia
757 1011 929 1109 sapienter
947 1016 1060 1112 longo
1079 1013 1140 1087 usu
1158 1019 1330 1108 lervavit,
1357 1014 1462 1090 fimul

162 1119 200 1189 ὅ(
228 1114 291 1186 suo
313 1116 473 1187 Decreto
490 1113 662 1206 sancivit,
688 1111 822 1184 La'icos
838 1111 901 1184 sub
920 1114 1025 1185 unica
1043 1111 1157 1209 specie
1177 1116 1275 1209 panis
1293 1136 1461 1186 commu·

160 1211 342 1285 nicandos.
386 1210 621 1306 Quapropter
645 1235 685 1282 ea
713 1212 748 1280 in
775 1232 812 1281 re
838 1233 910 1280 uon
935 1233 1027 1304 opus
1053 1210 1103 1282 est
1131 1210 1328 1284 Ecclefiam
1356 1207 1459 1285 suum
1549 1266 1552 1270 «

158 1310 348 1383 immutare
366 1309 583 1382 institutum.
620 1302 757 1380 Verum
776 1329 920 1403 aequum
938 1305 990 1378 est
1008 1331 1129 1382 omnes
1147 1308 1308 1402 Fideles,
1334 1307 1395 1405 qui
1414 1305 1461 1382 fi·

157 1407 199 1478 lii
217 1406 297 1482 lunt
317 1407 514 1500 Ecclefiae,
542 1407 663 1479 matris
681 1405 928 1502 obtemperare
942 1402 1053 1501 juliis.

722 1596 794 1671 VI
816 1598 833 1670 1
854 1598 885 1671 Ι.

664 1743 723 1818 De
743 1745 951 1841 Confefflorre.

225 1891 411 1967 lnmrran
427 1889 624 1966 tenendum
643 1887 693 1962 est
703 1886 967 1964 Confeffronem
985 1883 1280 1965 sacramentalem
1300 1915 1371 1966 non
1389 1890 1459 1970 hu·

239 1986 418 2080 manitus,
452 1989 509 2062 sed
535 1984 725 2061 Divinititr
752 1985 773 2060 ir
796 1986 943 2061 Christo
962 1987 1077 2061 claves
1098 1990 1352 2065 Sacerdotibus
1370 2016 1460 2068 con·

156 2088 293 2159 ferente
318 2087 539 2176 institutam,
573 2108 654 2181 quoe
681 2082 731 2156 lic
756 2085 799 2157 ad
825 2084 973 2158 salutem
1001 2085 1205 2160 adultorum
1224 2088 1304 2184 post
1324 2089 1462 2187 baptis·

156 2203 256 2253 mum
282 2183 497 2276 requiritur,
523 2201 564 2254 ut
582 2203 654 2252 non
672 2177 823 2253 sufficiat
844 2182 926 2253 Deo
944 2184 1064 2253 omnia
1082 2181 1140 2254 sua
1159 2207 1307 2280 peccata
1324 2210 1461 2262 morta·
1529 2219 1541 2241 ·

155 2277 204 2353 lia
231 2277 421 2370 confiteri,
455 2275 520 2350 nist
539 2300 579 2349 ea
597 2275 804 2368 Sacerdoti,
831 2280 1059 2372 quantumvis
1078 2277 1146 2350 sint
1164 2281 1333 2370 occulta,
1358 2283 1461 2358 dete·

154 2395 300 2474 gantur.
335 2375 422 2449 Nec
445 2372 524 2447 sane
551 2371 787 2471 superstitiosa
811 2373 983 2448 censenda
1007 2372 1057 2446 est
1084 2379 1305 2450 enumeratio
1323 2397 1460 2454 morta·
1521 2409 1533 2431 ·

157 2475 245 2546 lium
272 2492 505 2567 peccatorum
533 2472 571 2548 &
597 2470 945 2545 circumstantiarum
966 2471 1145 2545 lethaliter
1162 2476 1461 2573 aggravantium,

155 2594 241 2644 curn
264 2571 307 2644 fit
326 2570 513 2646 necellaria
530 2570 732 2669 integritati
751 2568 987 2644 Confeillonis
1009 2571 1289 2645 sacramentalis.
1317 2571 1462 2669 thuia

155 2668 199 2761 ad
228 2667 467 2742 exonerandas
492 2687 600 2764 atque
626 2666 874 2780 expurgandas
901 2667 1132 2742 conscientias
1160 2671 1218 2743 illa
1246 2671 1458 2767 ordinatur,

154 2787 374 2864 magnopere
390 2767 506 2840 caveri
526 2764 633 2839 debet
653 2767 689 2836 iu
706 2789 746 2838 ea
764 2766 873 2838 nimia
890 2764 1075 2858 severitas,
1102 2769 1237 2842 curiosa
1256 2770 1460 2869 interroga·
1547 2842 1549 2847 ,
1616 2752 1623 2765 ’

154 2865 231 2956 tio,
266 2862 456 2938 indiscreta
481 2863 777 2959 poenitentiarum
799 2862 1005 2958 impolitio‚
1032 2865 1069 2939 &
1087 2887 1326 2962 quaecumque
1345 2864 1365 2938 ὲ
1384 2884 1460 2943 tam

152 2962 237 3038 utili
263 2962 301 3037 ὃ(
327 2960 518 3037 neceffario
547 2962 778 3037 Sacramenta
797 2960 937 3035 Fideles
956 2962 1133 3036 retrahere
1151 2963 1307 3060 polluat.
1344 2966 1459 3038 Porro

152 3059 455 3157 quemad-odom
474 3083 548 3134 non
564 3059 660 3134 valet
678 3059 769 3133 hanc
781 3059 1079 3134 sacramentalem
1094 3060 1345 3135 confeffionem
1363 3060 1459 3136 sum·

153 3181 234 3231 mus
250 3158 423 3233 Pontifex
442 3158 649 3251 instituere,
673 3159 723 3233 ita
739 3182 805 3232 nec
824 3161 861 3231 in
879 3157 1057 3256 potestate
1074 3162 1151 3257 ejus
1168 3160 1219 3234 est
1237 3184 1314 3235 eam
1329 3160 1366 3237 ὃ(
1380 3162 1459 3258 ejus

150 3251 415 3350 obligationem
433 3251 580 3355 prorsits
598 3253 812 3349 destituere,
837 3276 899 3330 aut
917 3254 1057 3329 tollere.

759 3448 779 3524 1
796 3445 848 3524 X.

284 3592 612 3697 Dejustrficotiom,
634 3597 777 3684 Fide&
797 3595 965 3695 operibor,
990 3595 1034 3681 ὅ
1049 3595 1155 3694 primi
1172 3598 1212 3673 de
1228 3596 1323 3673 Fide.

154 3741 412 3929 Flauiani
438 3745 630 3860 tenendum
653 3745 728 3838 est,
753 3743 1037 3864 Fidem-,Spem
1058 3744 1093 3820 δε
1115 3745 1360 3874 Charitatern,
1387 3760 1460 3821 tree

235 3840 305 3917 elle
317 3861 476 4010 ‘virtutes
493 3842 698 3941 distinciaa,
716 3845 755 3918 &
765 3842 903 4016 I{ladem
918 3842 1068 3923 infusam
1085 3842 1184 3943 poffe
1195 3842 1264 3921 effe
1275 3840 1461 4034 Εηὲἓίῑιζ
