3322 4456
157 342 324 452 n-rfa7‘.
484 331 1126 422 nnuovrrr.
1392 334 1505 420 209.

203 479 294 572 Quo
322 474 410 565 liet,
443 490 486 545 ut
509 467 686 544 sacrarum
712 465 894 539 literarum
919 463 1077 559 imperiti
1102 466 1267 540 homines
1285 463 1323 537 in
1339 484 1463 536 manus

154 576 331 655 sumentes
350 592 466 643 novos
482 567 568 641 istos
585 563 775 637 haereticos
784 561 916 652 libros,
934 581 1042 657 atque
1050 560 1120 635 unal
1129 566 1237 640 etiam
1248 561 1464 657 catholicos,

153 675 248 774 ipsos
259 669 480 757 refellentes,
498 664 557 736 sel
572 661 637 755 ipss
649 674 713 756 per
722 657 757 733 se
767 681 890 732 verum
899 657 1115 750 discernere,
1134 661 1190 733 vel
1199 659 1243 734 ab
1253 661 1350 756 aliis,
1394 681 1460 734 uo·

154 794 237 849 rum
259 762 497 864 perspicacius
513 755 782 855 dijudicium,
810 752 906 829 redte
921 755 1104 828 admoneri
1123 755 1301 831 &doceri
1320 782 1368 853 po
1395 774 1462 832 snt

206 866 257 937 Et
285 861 368 957 quia
393 878 463 949 tu,
506 853 615 928 frater
639 849 858 943 charissime,
896 852 934 924 in
962 851 1087 950 lingua
1111 850 1229 927 nostra
1252 853 1461 949 vernacula,

158 961 254 1036 ficut
285 955 392 1030 etiam
420 955 457 1028 in
481 949 636 1043 Latina,
670 950 920 1045 Demosthenem
944 947 1119 1045 quendam
1147 945 1312 1046 praestare
1336 970 1461 1043 potes,

158 1058 198 1134 δι
224 1052 415 1130 catholicae
441 1048 600 1122 veritatis
623 1044 770 1121 assertor
794 1046 986 1121 acerrimus
1012 1046 1051 1120 in
1071 1048 1172 1120 omni
1189 1044 1377 1144 congressu
1393 1044 1463 1120 csl'e

158 1154 271 1244 soles,
304 1144 431 1224 m'clius
454 1143 651 1220 subcefivas
676 1144 800 1236 horas,
835 1142 966 1239 siquas
982 1143 1053 1218 tuis
1071 1142 1373 1241 occupationibus
1390 1140 1461 1216 suf·-

159 1248 269 1328 furari
293 1265 423 1343 potes,
454 1241 635 1316 collocare
659 1262 841 1340 nunquam
868 1243 1025 1336 poteris,
1058 1264 1165 1340 quam
1188 1260 1231 1315 ut
1249 1241 1285 1312 in
1307 1237 1463 1314 nostrate

157 1348 283 1444 lingua
306 1343 425 1439 aliqua
448 1337 551 1432 edas,
581 1360 663 1435 quse
692 1337 914 1434 fimplicibus
940 1339 979 1414 δι
1004 1338 1126 1412 idiotis
1151 1336 1358 1412 hominibus
1380 1336 1462 1411 sub·

158 1445 279 1520 dolam
307 1437 561 1513 haereticorum
589 1435 850 1533 malignitatem
876 1435 1057 1531 aperiant,
1091 1459 1132 1509 ac
1157 1456 1284 1510 contra
1300 1453 1373 1510 tam
1392 1436 1461 1508 im·

156 1532 240 1656 pios
257 1534 419 1625 ecclesrae
437 1533 718 1631 supplantatores
737 1533 885 1607 reddant
901 1554 963 1606 eos
981 1530 1234 1606 instruuiores.
1278 1532 1401 1607 Habes
1417 1531 1462 1607 ad

33 1673 35 1679 ·
157 1639 195 1714 ad
222 1634 429 1732 exemplum
456 1632 553 1729 quod
575 1632 725 1705 imiteris
743 1626 1047 1728 praeclariffimum
1066 1628 1288 1703 Illustrissrmi
1308 1629 1463 1704 Domini

157 1733 272 1810 nostri
296 1732 412 1831 Regis
437 1733 579 1807 Henrr'ci
594 1729 709 1822 VIII,
734 1731 796 1825 qui
823 1728 1050 1804 Sacramenta
1064 1726 1224 1802 ecclesias
1242 1747 1369 1801 contra
1386 1729 1461 1801 Lu·

156 1833 289 1908 rherum
316 1831 404 1905 totis
429 1827 569 1900 viribus
590 1827 817 1901 subruentem
841 1824 987 1902 asserere
1011 1825 1217 1928 aggressus,
1259 1824 1464 1900 immortale

155 1952 291 2004 nomen
309 1923 502 2001 defensoris
519 1924 680 2000 ecclesrae
700 1924 737 1995 in
754 1948 861 1999 omne
877 1949 996 1999 aevum
1015 1925 1228 2020 promeruit.
1494 1920 1499 1935 ’

154 2043 161 2082 ³
207 2026 276 2117 Et,
294 2023 597 2098 neandabatatum
617 2045 717 2096 more
726 2047 809 2095 cum
819 2022 998 2121 ejusmodi
1009 2022 1112 2096 larvis
1122 2020 1282 2114 ludicris,
1294 2020 1461 2122 ignorans

156 2121 234 2216 ipse
251 2121 349 2214 quod
367 2143 579 2216 oppugnes,
597 2121 706 2191 mitto
723 2117 766 2189 ad
781 2139 817 2192 te
826 2118 957 2192 insanas
968 2121 1005 2190 in
1016 2118 1170 2193 nostrate
1180 2121 1301 2218 lingua
1312 2120 1461 2194 illorum

157 2214 317 2303 naenias,
333 2221 438 2308 atque
456 2237 525 2283 una
540 2214 647 2286 etiarn
667 2215 857 2286 nonnullos
872 2217 1018 2288 Lutberi
1035 2215 1166 2306 libros,
1186 2240 1230 2290 ex
1241 2216 1370 2312 quibus
1381 2216 1462 2289 ltaec

159 2306 374 2408 opinionum
393 2306 551 2382 monstra
568 2309 791 2404 prodierunt.
825 2307 969 2402 Quibus
985 2309 1046 2384 abs
1064 2330 1100 2384 te
1115 2312 1308 2409 diligenter
1326 2313 1464 2408 perleco

161 2410 236 2501 tis,
280 2406 419 2504 facilius
446 2403 645 2575 inbtelligas,
679 2402 809 2572 opibus
836 2405 997 2518 latibulis·
1018 2407 1169 2480 tortuofi
1195 2405 1370 2574 seppentes
1396 2407 1464 2481 sese

161 2504 470 2700 ffilgratllteisimqalld
488 2501 869 2674 vuiseppreiap'ntppdppnusi
887 2502 1464 2690 epauhopppsshppnrfilisanpgeapso.

158 2719 235 2773 rata
254 2697 401 2788 habere,
420 2697 458 2772 ὃ(
476 2696 562 2792 quid
579 2696 730 2770 sentiant
748 2722 866 2795 quove
881 2697 1049 2792 tendant,
1067 2701 1209 2797 penitus
1227 2695 1334 2771 nolle.
1406 2720 1462 2773 am

163 2793 189 2868 fi
217 2794 420 2870 convellere
474 2817 568 2886 ares,
595 2818 676 2890 quae
703 2795 760 2867 isti
777 2820 850 2870 non
866 2794 1001 2870 senfille
1018 2796 1165 2891 dicent,
1190 2797 1226 2871 in
1244 2796 1464 2894 totum'per'·

157 2891 221 2966 das
240 2916 399 2992 operam.
490 2891 566 2965 asie
589 2892 702 2990 igitur
719 2895 860 2968 virtute·
872 2913 942 2967 tam
961 2892 1117 2992 landum
1135 2920 1227 2994 opus
1245 2895 1464 2996 aggredere,

158 2985 238 3089 qub
272 2992 309 3064 δι
340 2989 411 3064 Dei
437 2988 597 3062 ecclesrae
624 2987 763 3088 prosis,
807 2991 844 3068 δι
871 2990 940 3063 tibi
967 2993 1172 3068 immortale
1196 3017 1328 3067 nomen
1355 3014 1464 3092 atque

163 3109 332 3161 aeternam
362 3089 399 3161 in
427 3086 532 3197 coelis
548 3085 699 3200 gloriam
719 3110 841 3184 parem
868 3088 966 3188 quod
984 3110 1027 3165 ut
1044 3090 1173 3184 facias,
1200 3093 1236 3166 δι
1256 3093 1326 3164 Dei
1345 3093 1462 3166 eccle·

162 3181 248 3255 fiam
278 3205 344 3256 tuo
372 3185 575 3280 patrocinio
589 3207 715 3296 juves,
741 3209 959 3283 magnopere
979 3189 1014 3260 in
1034 3189 1199 3262 Domino
1217 3184 1462 3274 obsecramus's
1587 3272 1590 3275 ,

163 3279 340 3448 :tutte
361 3282 469 3472 {st
489 3278 1394 3476 terruimustesselinus
1409 3283 1462 3454 fs·

164 3471 293 3545 Martii
322 3477 366 3546 A.
390 3477 620 3570 Domurtp,
646 3475 682 3548 δι
701 3473 832 3547 nostroe
850 3472 1046 3552 consecrat.
1063 3477 1172 3554 sexto'
1220 3496 1223 3503 '
1263 3470 1288 3489 '¹

213 3567 347 3666 Neque
365 3569 452 3644 verb
469 3569 625 3647 rhomam
637 3572 908 3672 MORUMin
927 3576 1463 3653 conscribendis&edendisad·

163 3659 281 3733 versus
306 3664 521 3760 Tyndallum,
553 3672 739 3763 Frytbum‚
771 3671 929 3768 aliosque
946 3673 1180 3774 Euangelicae
1199 3678 1359 3751 veritatis
1378 3674 1463 3771 pto·

163 3778 322 3868 motores
341 3761 549 3840 traslatibus
568 3766 709 3864 segnem
730 3766 830 3842 fuisse
847 3790 907 3842 aut
921 3769 1037 3844 minus
1046 3775 1220 3867 alacrem,
1239 3773 1368 3847 censeri
1382 3792 1463 3866 pot·

162 3855 238 3949 eli,
264 3878 399 3956 quippe
420 3874 504 3936 culn
524 3863 644 3957 potius
662 3891 729 3964 pro
747 3865 964 4042 mssoediffim
980 3865 1089 3945 seculi
1106 3894 1236 3971 magna
1252 3893 1335 3946 cum
1355 3869 1464 3980 vehe-

875 3986 881 3993 ·
1333 3985 1466 4040 menna
