3322 4456
155 279 1128 388 A.1534'RENOVA·T1.
1235 303 1238 309 ’
1388 318 1456 398 rot

152 408 395 509 comprehensi
418 411 494 505 (a),
520 410 640 484 habita
656 405 855 506 quaestione
875 403 949 513 vivi
968 430 1191 506 cremantur,
1218 412 1382 490 horribili
1401 421 1454 499 sa·
1511 425 1514 432 '
1573 423 1576 428 ’

151 507 195 583 nex
214 508 430 607 spediaculo.
475 509 574 580 Nam
594 509 636 577 ad
656 505 855 575 machinam
875 501 1033 596 alligati,
1059 513 1095 583 lit
1116 511 1151 582 iu
1172 511 1281 586 altum
1301 514 1453 610 sublati,

150 606 278 681 deinde
304 610 341 678 in
368 609 489 700 ignem
515 604 535 677 ὲ
554 602 697 676 sublimi
716 595 871 685 demissa,
884 598 936 708 Ιὅ(
956 601 1071 673 rursus
1089 605 1251 682 addudli:
1280 612 1451 689 carnifice

150 704 295 778 demum
325 703 554 775 abscindente
578 699 720 786 funem,
757 698 792 766 in
814 691 1008 786 subrectam
1027 696 1203 775 flammam
1223 710 1452 787 corruebant.

151 801 199 874 lis
226 805 335 874 ctiam
362 800 423 892 qui
452 794 560 893 pauli)
579 792 791 864 videbantur
809 793 1042 881 eruditiores,
1067 815 1253 890 antequam
1273 807 1450 899 produce.

151 917 295 984 rentur,
330 896 454 990 lingua
480 889 609 963 refecta
636 888 727 978 fuit,
762 912 807 961 ne
834 888 891 961 vel
917 888 1083 985 supplicii
1109 895 1270 986 causam,
1305 903 1449 981 velsuae

151 991 324 1064 doshrina:
352 991 521 1061 summam
549 989 591 1060 ad
619 986 793 1082 populum
817 984 1053 1080 explicarent.
1105 987 1192 1061 Erat
1210 992 1325 1066 autem
1346 999 1451 1096 hujus

122 1154 125 1158 .
150 1091 199 1159 rei
229 1110 396 1184 perquam
426 1089 571 1158 idoneus
596 1080 821 1175 administer,
856 1085 1005 1177 Joanrrrs
1025 1086 1207 1177 Marinus,
1235 1113 1450 1185 propraetor.

29 1223 32 1231 ·
151 1184 317 1276 Etenim,
352 1205 392 1256 ut
417 1181 627 1280 sagacillime
653 1201 802 1254 noverat
821 1203 880 1252 cos
899 1183 1040 1253 odorari
1060 1184 1098 1257 ὃ(
1120 1189 1380 1284 pervestigare,
1406 1193 1450 1267 de

148 1283 279 1378 quibus
294 1301 368 1354 erat
385 1277 516 1378 aliquid
536 1280 764 1374 suspicionis:
793 1279 843 1350 ita
858 1281 990 1370 etiam,
1008 1304 1118 1376 quum
1138 1283 1448 1383 deprehendisset,

123 1380 182 1452 'in
209 1379 408 1477 irrogandis
436 1380 554 1473 poenis
580 1398 688 1474 atque
714 1375 899 1473 suppliciis
926 1401 1069 1450 omnem
1091 1388 1206 1476 prope
1224 1381 1358 1456 sensum
1379 1386 1446 1463 hu·

144 1480 323 1550 manicatis
342 1477 509 1549 exuebat.

192 1575 333 1648 Prodiit
350 1574 583 1646 nihilominus
599 1571 669 1644 hoc
686 1589 851 1665 tempore
866 1567 1338 1670 libellusauthorisinccrti,
1355 1579 1448 1659 Gal·

142 1669 211 1746 lica
230 1673 353 1770 lingua
370 1670 595 1765 conscriptus
615 1673 652 1741 in
669 1665 878 1764 pontificios
898 1689 1111 1742 mercatores
1128 1691 1235 1767 atque
1245 1697 1445 1771 caupones:

140 1765 277 1845 facetus
295 1772 464 1864 quidem,
482 1770 539 1842 led
559 1767 665 1840 serius
683 1766 721 1839 ἃ
739 1767 916 1861 gravitate
934 1767 1115 1840 conditus.
1151 1772 1207 1845 Ac
1227 1771 1347 1866 primb
1366 1779 1446 1871 qui.

140 1867 245 1960 dem,
279 1870 398 1963 inquit
424 1870 504 1958 ille,
539 1917 566 1960 „
586 1884 807 1956 mercatura,
841 1866 928 1937 vitae
951 1887 1064 1961 genus
1082 1866 1132 1938 est
1151 1867 1189 1941 dt
1207 1872 1447 1968 exercitium,

20 2021 23 2028 .
140 2013 166 2055 „
193 1987 266 2036 non
294 1966 465 2038 illiberale
492 1987 558 2037 nee
585 1963 715 2036 inutile
739 1960 997 2058 Reipublicae,
1030 1962 1144 2036 modi)
1170 1963 1265 2041 sraus
1289 1967 1380 2043 absit
1405 1971 1446 2051 dt

140 2111 165 2152 „
191 2063 349 2136 avaritia.
381 2063 495 2135 Nam
522 2063 686 2136 Christus
714 2059 760 2132 ab
786 2062 856 2133 hoc
882 2061 1070 2134 hominum
1087 2085 1218 2160 genere
1238 2064 1444 2147 similitudi·

141 2203 168 2246 „
192 2181 274 2230 nem
299 2159 472 2251 sumpsit,
505 2157 648 2249 quaodd
674 2153 770 2249 judit
792 2158 951 2228 exerceri
970 2160 1142 2233 talentum
1161 2183 1377 2260 acceptum,
1402 2190 1445 2245 ut

140 2300 168 2341 ‚,
195 2249 299 2324 lieret
323 2250 559 2321 fructuosum.
600 2249 679 2342 Qui
696 2250 842 2342 quidem
860 2253 960 2323 locus
977 2253 1028 2327 est
1045 2257 1300 2354 intelligendus
1318 2262 1444 2360 mysti-

140 2400 167 2441 „
193 2344 249 2420 cd.
290 2345 452 2420 Pallorer
479 2347 573 2417 enim
603 2342 841 2418 &Ecclesiae
869 2348 1047 2422 ministros
1073 2354 1164 2424 nihil
1183 2356 1297 2429 minus
1316 2361 1446 2458 decet,

138 2499 168 2540 „
192 2467 302 2542 quarn-
319 2444 375 2517 vcl
395 2443 467 2516 ulla
485 2441 638 2538 sulpicio
652 2439 784 2525 sordidi
801 2441 968 2538 quaestus.
994 2443 1240 2520 Veruntamen
1262 2453 1359 2527 Deus
1376 2459 1443 2528 ho·

139 2595 166 2638 „
193 2543 332 2616 minum
360 2541 548 2615 sceleribus
575 2537 751 2629 offensus,
788 2538 823 2608 in
839 2536 1046 2612 vEcclesiam
1065 2543 1159 2614 suam
1180 2547 1344 2620 invadere
1362 2575 1444 2647 per·

137 2690 165 2735 „
193 2641 288 2714 misit
316 2661 423 2735 atque
440 2637 605 2736 grassari,
631 2660 703 2709 nan
722 2634 834 2708 solum
855 2658 1068 2711 mercatores
1087 2642 1293 2735 praedivites
1313 2647 1349 2720 dt
1368 2670 1443 2721 am.

136 2788 162 2835 „
190 2740 292 2835 plot,
311 2740 545 2810 verumetiam
566 2735 673 2811 furer.
697 2733 792 2829 Quis
810 2737 904 2805 enim
926 2758 996 2807 noo
1017 2735 1130 2808 sorem
1149 2738 1216 2813 elle
1233 2739 1446 2844 dicateem,

135 2887 163 2931 „
188 2840 250 2932 qui
277 2837 335 2910 vel
362 2836 510 2908 alienam
538 2835 596 2907 vel
623 2833 858 2906 adulterinam
885 2855 1063 2927 mercem,
1099 2859 1164 2928 pro
1194 2836 1270 2931 lua,
1301 2865 1443 2942 proque

136 2986 164 3030 „
192 2935 323 3009 sincera
350 2930 538 3007 divendit?
572 2954 690 3005 annon
707 2935 851 3028 eitrptor
869 2928 1022 3023 pulchre
1039 2932 1245 3032 decipitur?
1280 2939 1350 3014 Sed
1369 2942 1444 3021 hoc

136 3084 164 3127 „
190 3035 292 3108 nohis
316 3037 389 3127 ,iam
417 3032 505 3104 olim
532 3029 679 3103 accidit.
727 3030 825 3102 Nam
855 3028 940 3102 loco
966 3029 1146 3125 pastorum
1168 3033 1388 3115 insinuarunt
1406 3041 1444 3119 se
1587 3070 1589 3076 ’

135 3132 265 3227 „lupi
292 3128 570 3226 supramodum
599 3149 751 3221 capanea.
795 3126 846 3199 Et
872 3148 1071 3224 quanquam
1100 3133 1232 3205 nullius
1253 3135 1440 3231 ingenium

137 3279 164 3321 „
190 3247 250 3300 aut
277 3226 400 3324 lingua
426 3225 506 3300 satis
533 3225 714 3322 explicare
742 3223 843 3321 posin
863 3226 1008 3297 illorum
1027 3244 1118 3298 artes
1135 3231 1292 3322 omneis,
1320 3253 1442 3310 rasuera

136 3376 163 3416 „
190 3325 375 3399 nonnullas
402 3325 589 3438 attingam.
635 3322 895 3414 Negotiatores
920 3321 1035 3416 igitur
1059 3322 1124 3413 hi,
1160 3323 1358 3420 dequibus
1385 3333 1441 3407 lo-

139 3469 165 3508 „
189 3426 354 3518 quimur,
390 3423 510 3496 callidi
529 3420 608 3493 lunt
628 3417 917 3516 supramodum,
952 3418 1118 3515 suamquc
1135 3444 1368 3500 mercaturam
1390 3429 1444 3509 fic

141 3563 169 3604 „
193 3519 479 3615 amplificarunt,
512 3538 555 3594 ut
573 3517 691 3590 nullus
709 3516 857 3587 omnino
876 3513 917 3587 fit
936 3516 1038 3591 locus
1058 3520 1113 3592 vel
1133 3522 1304 3617 angulus,
1332 3551 1439 3624 quem

139 3662 168 3703 „
195 3634 266 3682 non
293 3615 360 3694 suis
386 3618 599 3713 repleverint
627 3613 802 3690 tabernis:
837 3613 875 3687 sic
894 3615 972 3714 baec
991 3616 1135 3714 quidem
1156 3622 1297 3715 omnia,
1324 3624 1445 3721 specie

1300 3773 1327 3812 ss
1354 3748 1443 3820 ΨΜ·

180 3839 229 3919 (a)
255 3830 482 3902 sternata.
510 3834 581 3902 Lib.
601 3839 663 3908 lX.
695 3839 754 3908 fol.
774 3860 845 3926 145.
863 3841 933 3927 sqq.
965 3841 1332 3914 itPOPELlNlERE
1358 3853 1445 3920 Hist.

137 3924 176 3991 de
193 3922 315 3993 Francc
334 3917 374 3985 L.
393 3920 419 3984 1.
442 3941 471 4004 p.
491 3924 568 4005 33b.
