3322 4456
798 276 909 373 ἶφι)

211 398 315 474 burst
342 395 800 492 iniiedeseeereemret,
821 400 1360 485 menimis·
1377 404 1517 510 vierge

212 499 346 570 Marie.
369 499 420 570 Et
432 500 502 592 pest
516 503 705 596 auqma.
731 499 766 569 11
781 499 817 570 se
831 498 914 572 sant
924 501 1055 596 getth
1067 525 1140 597 qne
1155 502 1516 581 1¹bomdetouoe

212 594 343 684 chore,
367 596 485 692 lequel
501 596 537 668 se
552 602 633 667 doit
648 602 671 666 ‘a
686 618 737 665 nn
752 593 826 666 seul
844 597 965 688 Dien,
981 623 1032 669 on
1048 622 1095 670 ne
1112 602 1297 673 'i'artribue
1310 603 1515 676 ithrea·

213 710 296 763 ture
311 694 493 786 d’icenry,
515 717 657 764 comme
675 689 756 762 sont
772 716 867 763 ceux
883 698 947 789 qui
962 696 1144 790 eppeslent
1162 697 1197 766 ie
1217 699 1353 794 vierge
1369 701 1514 792 Merit,

216 790 322 861 Reine
347 806 390 869 <5
418 792 577 861 fontaine
599 793 641 863 dr
664 788 904 882 Misericorde,
931 796 968 862 so
984 795 1052 864 Vir
1068 793 1113 872 ἐξ
1132 794 1317 884 Esprraere
1333 797 1389 868 des
1407 797 1516 869 Chrs-

216 892 325 971 tirm
360 896 398 958 dt
423 911 469 958 en
495 911 538 960 ce
559 889 601 959 ili
617 881 814 975 offensem,
844 911 876 958 1.
894 888 1017 980 Dico,
1044 889 1283 988 elss'ierge
1303 896 1445 986 Marie,
1466 896 1518 966 sa·

221 984 342 1078 quelle
365 1008 410 1054 en
428 983 489 1053 son
505 984 688 1076 Gentique
704 1006 750 1053 ne
765 980 800 1053 se
813 1005 942 1078 repnte
956 1010 1097 1058 aucune
1112 985 1220 1059 chose
1236 1012 1307 1079 que
1325 1014 1396 1063 une
1412 993 1519 1065 hum·

217 1078 278 1152 bie
305 1080 561 1170 Chambriere,
592 1079 728 1168 disant,
762 1080 836 1149 διε.
868 1082 1126 1170 Tiercement‚
1160 1084 1202 1153 iis
1222 1082 1430 1182 repugnent
1445 1111 1517 1160 aux

216 1176 341 1250 saintes
370 1176 574 1264 Ecrituree,
608 1173 791 1265 lesquelles
815 1174 951 1267 disent,
980 1202 1052 1272 que
1068 1180 1102 1248 12
1118 1175 1211 1248 seule
1229 1181 1459 1256 misericorde
1478 1186 1516 1259 dt

217 1267 356 1347 charite
379 1271 425 1340 de
452 1266 549 1340 Dieu
575 1292 595 1339 2
621 1268 696 1341 ede
721 1267 824 1339 cause
847 1271 894 1342 de
909 1273 1030 1346 nostre
1047 1275 1274 1368 redemption
1291 1277 1330 1349 ὅ(
1346 1278 1521 1352 salvation

216 1393 281 1466 per
298 1367 359 1439 son
376 1366 407 1436 F
407 1366 451 1435 ils
467 1362 614 1437 eternes.
638 1366 904 1458 Quartement,
920 1393 1013 1442 oenx
1028 1373 1091 1467 qni
1109 1371 1224 1443 disent
1237 1374 1270 1444 le
1285 1374 1423 1470 Vierge
1433 1378 1521 1448 Ma·

217 1467 270 1538 rie
291 1462 383 1534 estre
408 1480 502 1533 notre
527 1464 634 1534 Reiue
658 1467 698 1535 de
722 1462 949 1557 misericorde,
977 1467 1205 1549 roncore&
1222 1487 1316 1542 notre
1331 1471 1521 1566 esperone,

217 1582 284 1650 ee,
308 1559 351 1632 ils
368 1559 529 1635 donnent
546 1581 590 1628 au
609 1560 739 1652 peuple
757 1581 827 1630 une
844 1559 920 1634 sose
935 1561 1011 1657 foy.
1047 1566 1222 1637 Pourtant
1236 1569 1391 1662 Jecquee
1407 1595 1427 1640 a
1444 1571 1522 1641 bon

216 1656 293 1748 zele
317 1657 362 1728 de
388 1655 508 1744 Dieu,
539 1655 656 1746 quand
682 1655 709 1724 il
736 1651 848 1724 assure
870 1657 961 1727 estre
987 1657 1214 1749 blaspheme,
1248 1664 1293 1731 de
1308 1666 1521 1754 appellerla

215 1752 354 1849 Vierge
373 1751 492 1820 Marie
507 1767 612 1817 notre
629 1751 687 1818 vie
705 1750 741 1818 δι
760 1767 865 1817 notre
878 1749 1077 1843 esperance.
1106 1752 1217 1820 Donc
1235 1775 1279 1821 ne
1296 1777 1386 1824 nous
1404 1759 1522 1846 glori·

216 1846 310 1924 fions
328 1847 433 1940 point
449 1865 495 1914 en
512 1843 545 1912 la
563 1842 698 1940 Vierge
715 1841 856 1932 Marie,
881 1844 970 1916 maie
986 1866 1031 1914 en
1051 1842 1151 1915 Dieu
1167 1843 1263 1930 seu13
1290 1846 1382 1918 &ne
1400 1847 1521 1921 disone

216 1943 297 2040 plor
323 1963 393 2038 qne
418 1938 522 2011 icelle
547 1936 686 2037 Vierge
705 1934 775 2013 soit
789 1958 895 2014 notre
910 1937 1097 2037 esperance
1114 1942 1153 2017 δι
1170 1961 1276 2015 notre
1293 1944 1362 2016 vie.
1405 1942 1458 2017 Et
1472 1966 1519 2017 en

215 2059 259 2112 ee
274 2035 327 2111 est
344 2058 452 2134 mye
468 2033 578 2111 ltdite
596 2034 826 2132 Proposition
843 2037 890 2112 de
900 2037 1069 2136 Jthues.

674 2141 1052 2218 CENSURA.

263 2241 338 2321 Hae
356 2239 627 2341 Propofitionee
643 2240 805 2339 maligno
820 2238 972 2335 spiritu,
995 2265 1070 2315 non
1088 2240 1161 2315 Dei
1179 2240 1260 2316 zelo
1273 2244 1521 2340 excogitatae,

216 2344 426 2436 temerarie,
460 2338 546 2415 falso
574 2341 612 2417 dt
639 2340 750 2439 impie
775 2335 913 2411 affenae
937 2337 1040 2414 sunt:
1070 2343 1257 2414 nonenim
1277 2342 1361 2413 Deo
1379 2339 1524 2412 debitus

216 2440 335 2517 honor
359 2437 579 2514 subtrahitur
604 2462 668 2535 per
693 2460 753 2528 ea,
789 2458 872 2533 quae
899 2435 937 2509 in
963 2437 1084 2513 endem
1104 2436 1313 2512 salutatione
1327 2436 1524 2509 secundum

215 2539 372 2628 sensum,
408 2541 444 2611 in
472 2561 545 2635 qno
572 2535 680 2632 ipsam
700 2533 773 2608 Dei
791 2554 940 2609 matrem
961 2532 1125 2610 Ecclesia
1141 2534 1301 2632 reginam
1320 2533 1525 2607 misericor·

217 2637 310 2728 dire,
337 2639 447 2708 vitam
468 2639 504 2709 ὅ(
525 2632 620 2726 spem
640 2631 795 2706 nostram
814 2634 995 2729 appellat,
1015 2631 1241 2706 Chrifliferae
1253 2632 1324 2704 Vir
1353 2633 1402 2703 ini
1421 2633 1525 2703 attri-

217 2726 400 2817 buuntur,
436 2732 473 2803 dt
501 2730 538 2799 in
565 2728 733 2823 eoquod
758 2728 851 2800 dicit
868 2724 1101 2823 blasphemias
1118 2730 1155 2798 in
1173 2729 1295 2799 eadem
1327 2728 1524 2795 alutatione

218 2828 420 2912 contineri,
453 2843 602 2895 erronea
624 2821 675 2893 est
685 2852 699 2906 ς
735 2821 772 2891 dt
791 2821 828 2892 in
845 2824 1004 2914 eoquod
1022 2819 1218 2916 praetendit
1234 2840 1309 2890 non
1324 2815 1393 2889 effe
1410 2819 1461 2890 ita
1478 2816 1523 2889 de

217 2918 319 2995 beata
340 2918 515 3013 Virgine,
542 2912 623 2985 falsa
641 2914 691 2986 est
707 2912 745 2986 dt
762 2913 978 3005 blasphema.

636 3061 741 3134 Sexta
757 3056 944 3152 Propofitio
959 3058 1105 3134 Pournt.

266 3166 359 3247 Non
379 3164 460 3242 suot
477 3159 672 3240 offerenda
690 3161 848 3238 candelae
867 3160 1009 3237 cuidam
1030 3158 1172 3256 sendo,
1195 3181 1259 3236 aut
1275 3160 1415 3240 sanstae.

680 3270 714 3348 C
733 3268 766 3346 E
782 3268 824 3344 N
846 3268 870 3343 S
889 3266 929 3343 U
948 3270 987 3344 R
1007 3272 1053 3343 A.

265 3372 362 3451 Haec
381 3369 582 3471 propositio
599 3394 700 3445 error
715 3368 767 3444 est
783 3366 970 3443 damnatus
991 3367 1195 3466 Vigilantii.

370 3577 374 3584 ,
589 3493 788 3591 Defensoris
808 3498 920 3592 prima
943 3496 1143 3604 Propoſstip.

266 3602 376 3675 Cette
403 3596 562 3697 presente
588 3598 820 3696 Proposrtion
844 3599 954 3675 teste
971 3597 1200 3696 approuve'ee,
1228 3621 1300 3672 non
1320 3600 1426 3697 point
1447 3618 1525 3674 tant

217 3700 412 3776 seulement
432 3721 495 3795 pnr
512 3721 647 3771 aucune
668 3697 866 3792 vertens,
887 3721 1030 3774 comme
1044 3722 1107 3797 par
1121 3698 1208 3770 saint
1219 3698 1421 3792 Augustin,
1440 3696 1526 3770 ainsi

217 3801 309 3901 qu’il
336 3796 387 3874 est
415 3792 508 3872 ecrit
534 3819 579 3870 en
604 3794 667 3870 son
693 3795 828 3891 Livre,
862 3798 927 3895 qui
942 3797 993 3874 est
1011 3795 1182 3892 intitule,
1205 3799 1246 3872 dr
1263 3800 1417 3871 civitate
1433 3799 1527 3904 Dei,

1440 3914 1529 3966 mais
