<?xml version="1.0" encoding="UTF-8"?>
<!DOCTYPE html PUBLIC "-//W3C//DTD XHTML 1.0 Transitional//EN"
    "http://www.w3.org/TR/xhtml1/DTD/xhtml1-transitional.dtd">
<html xmlns="http://www.w3.org/1999/xhtml" xml:lang="en" lang="en">
 <head>
  <title>
</title>
<meta http-equiv="Content-Type" content="text/html;charset=utf-8" />
  <meta name='ocr-system' content='tesseract 3.04.00' />
  <meta name='ocr-capabilities' content='ocr_page ocr_carea ocr_par ocr_line ocrx_word'/>
</head>
<body>
  <div class='ocr_page' id='page_1' title='image "./introductioinhi02gerdgoog_0146.png"; bbox 0 0 3322 4456; ppageno 0'>
   <div class='ocr_carea' id='block_1_1' title="bbox 115 285 1419 402">
    <p class='ocr_par' dir='ltr' id='par_1_1' title="bbox 115 285 1419 402">
     <span class='ocr_line' id='line_1_1' title="bbox 115 285 1419 402; baseline -0.004 -20"><span class='ocrx_word' id='word_1_1' title='bbox 115 307 279 402; x_wconf 56' lang='lat' dir='ltr'>tren.</span> <span class='ocrx_word' id='word_1_2' title='bbox 445 296 485 372; x_wconf 90' lang='lat' dir='ltr'><strong>R</strong></span> <span class='ocrx_word' id='word_1_3' title='bbox 534 292 567 368; x_wconf 86' lang='lat' dir='ltr'>E</span> <span class='ocrx_word' id='word_1_4' title='bbox 616 288 657 366; x_wconf 89' lang='lat' dir='ltr'>N</span> <span class='ocrx_word' id='word_1_5' title='bbox 707 289 747 363; x_wconf 91' lang='lat' dir='ltr'>O</span> <span class='ocrx_word' id='word_1_6' title='bbox 797 285 835 361; x_wconf 92' lang='lat' dir='ltr'>V</span> <span class='ocrx_word' id='word_1_7' title='bbox 884 288 918 362; x_wconf 83' lang='grc' dir='ltr'>Α</span> <span class='ocrx_word' id='word_1_8' title='bbox 964 291 1004 368; x_wconf 81' lang='grc' dir='ltr'>Τ</span> <span class='ocrx_word' id='word_1_9' title='bbox 1049 297 1081 372; x_wconf 87' lang='lat' dir='ltr'>l.</span> <span class='ocrx_word' id='word_1_10' title='bbox 1349 325 1419 389; x_wconf 81' lang='lat' dir='ltr'>tro</span> 
     </span>
    </p>
   </div>
   <div class='ocr_carea' id='block_1_2' title="bbox 110 415 1415 532">
    <p class='ocr_par' dir='ltr' id='par_1_2' title="bbox 110 415 1415 532">
     <span class='ocr_line' id='line_1_2' title="bbox 110 415 1415 532; baseline -0.003 -26"><span class='ocrx_word' id='word_1_11' title='bbox 110 431 237 529; x_wconf 83' lang='lat' dir='ltr'>scopus</span> <span class='ocrx_word' id='word_1_12' title='bbox 261 423 462 503; x_wconf 82' lang='lat' dir='ltr'>Parisrensn</span> <span class='ocrx_word' id='word_1_13' title='bbox 489 424 526 498; x_wconf 70' lang='grc' dir='ltr'>δε</span> <span class='ocrx_word' id='word_1_14' title='bbox 546 418 765 506; x_wconf 82' lang='lat' dir='ltr'>Cardioalis,</span> <span class='ocrx_word' id='word_1_15' title='bbox 793 417 855 509; x_wconf 88' lang='lat' dir='ltr'>qui</span> <span class='ocrx_word' id='word_1_16' title='bbox 876 415 1075 498; x_wconf 73' lang='lat' dir='ltr'>honorifice</span> <span class='ocrx_word' id='word_1_17' title='bbox 1093 427 1187 522; x_wconf 88' lang='lat' dir='ltr'>apud</span> <span class='ocrx_word' id='word_1_18' title='bbox 1208 431 1352 532; x_wconf 84' lang='lat' dir='ltr'>Regem</span> <span class='ocrx_word' id='word_1_19' title='bbox 1370 430 1415 502; x_wconf 92' lang='lat' dir='ltr'>de</span> 
     </span>
    </p>
   </div>
   <div class='ocr_carea' id='block_1_3' title="bbox 110 513 1414 721">
    <p class='ocr_par' dir='ltr' id='par_1_3' title="bbox 110 513 1414 721">
     <span class='ocr_line' id='line_1_3' title="bbox 110 513 1414 610; baseline -0.005 -4"><span class='ocrx_word' id='word_1_20' title='bbox 110 527 368 606; x_wconf 77' lang='lat' dir='ltr'>Meianclrrhrne</span> <span class='ocrx_word' id='word_1_21' title='bbox 394 520 580 608; x_wconf 80' lang='lat' dir='ltr'>disserere,</span> <span class='ocrx_word' id='word_1_22' title='bbox 614 537 769 606; x_wconf 85' lang='lat' dir='ltr'>cumque</span> <span class='ocrx_word' id='word_1_23' title='bbox 796 513 834 587; x_wconf 73' lang='grc' dir='ltr'>ὃ(</span> <span class='ocrx_word' id='word_1_24' title='bbox 860 513 935 607; x_wconf 85' lang='lat' dir='ltr'>ejus</span> <span class='ocrx_word' id='word_1_25' title='bbox 961 514 1089 610; x_wconf 89' lang='lat' dir='ltr'>scripta</span> <span class='ocrx_word' id='word_1_26' title='bbox 1107 527 1150 596; x_wconf 92' lang='lat' dir='ltr'>de</span> <span class='ocrx_word' id='word_1_27' title='bbox 1168 532 1307 604; x_wconf 87' lang='lat' dir='ltr'>meliori</span> <span class='ocrx_word' id='word_1_28' title='bbox 1326 548 1414 602; x_wconf 83' lang='lat' dir='ltr'>nota</span> 
     </span>
     <span class='ocr_line' id='line_1_4' title="bbox 110 610 1412 721; baseline -0.014 -19"><span class='ocrx_word' id='word_1_29' title='bbox 110 614 676 702; x_wconf 84' lang='lat' dir='ltr'>commendatcuondefistebnnt.</span> <span class='ocrx_word' id='word_1_30' title='bbox 704 610 1022 681; x_wconf 84' lang='lat' dir='ltr'>Haecomniacum</span> <span class='ocrx_word' id='word_1_31' title='bbox 1036 617 1209 715; x_wconf 81' lang='lat' dir='ltr'>Philippo,</span> <span class='ocrx_word' id='word_1_32' title='bbox 1229 631 1412 721; x_wconf 67' lang='lat' dir='ltr'>(cujpfae.</span> 
     </span>
    </p>
   </div>
   <div class='ocr_carea' id='block_1_4' title="bbox 43 705 1436 2274">
    <p class='ocr_par' dir='ltr' id='par_1_4' title="bbox 43 705 1436 2274">
     <span class='ocr_line' id='line_1_5' title="bbox 109 705 1412 815; baseline -0.003 -15"><span class='ocrx_word' id='word_1_33' title='bbox 109 743 207 800; x_wconf 84' lang='lat' dir='ltr'>tcrea</span> <span class='ocrx_word' id='word_1_34' title='bbox 224 739 307 796; x_wconf 86' lang='lat' dir='ltr'>cum</span> <span class='ocrx_word' id='word_1_35' title='bbox 326 720 483 814; x_wconf 84' lang='lat' dir='ltr'>Johcrmre</span> <span class='ocrx_word' id='word_1_36' title='bbox 503 712 675 797; x_wconf 74' lang='lat' dir='ltr'>sturmio,</span> <span class='ocrx_word' id='word_1_37' title='bbox 693 706 855 778; x_wconf 76' lang='lat' dir='ltr'>Lutetia</span> <span class='ocrx_word' id='word_1_38' title='bbox 867 705 1078 780; x_wconf 77' lang='lat' dir='ltr'>Parisiorum</span> <span class='ocrx_word' id='word_1_39' title='bbox 1099 713 1212 790; x_wconf 82' lang='lat' dir='ltr'>adhuc</span> <span class='ocrx_word' id='word_1_40' title='bbox 1229 728 1412 815; x_wconf 81' lang='lat' dir='ltr'>versante,</span> 
     </span>
     <span class='ocr_line' id='line_1_6' title="bbox 111 803 1436 912; baseline 0 -18"><span class='ocrx_word' id='word_1_41' title='bbox 111 813 329 894; x_wconf 80' lang='lat' dir='ltr'>neceffitodo</span> <span class='ocrx_word' id='word_1_42' title='bbox 346 832 423 887; x_wconf 86' lang='lat' dir='ltr'>erat</span> <span class='ocrx_word' id='word_1_43' title='bbox 442 828 549 903; x_wconf 86' lang='lat' dir='ltr'>atque</span> <span class='ocrx_word' id='word_1_44' title='bbox 558 803 797 894; x_wconf 82' lang='lat' dir='ltr'>familiaritas,</span> <span class='ocrx_word' id='word_1_45' title='bbox 817 806 1412 912; x_wconf 79' lang='lat' dir='ltr'>commerciolitterarioexculta,)</span> <span class='ocrx_word' id='word_1_46' title='bbox 1432 831 1436 840; x_wconf 86' lang='lat'>&#39;</span> 
     </span>
     <span class='ocr_line' id='line_1_7' title="bbox 112 901 1411 1010; baseline 0.002 -28"><span class='ocrx_word' id='word_1_47' title='bbox 112 941 186 990; x_wconf 78' lang='lat' dir='ltr'>non</span> <span class='ocrx_word' id='word_1_48' title='bbox 213 911 351 1010; x_wconf 77' lang='lat' dir='ltr'>possent</span> <span class='ocrx_word' id='word_1_49' title='bbox 377 905 447 980; x_wconf 85' lang='lat' dir='ltr'>elle</span> <span class='ocrx_word' id='word_1_50' title='bbox 473 902 656 1000; x_wconf 87' lang='lat' dir='ltr'>incognita</span> <span class='ocrx_word' id='word_1_51' title='bbox 681 903 717 976; x_wconf 90' lang='lat'>&amp;</span> <span class='ocrx_word' id='word_1_52' title='bbox 742 901 846 973; x_wconf 85' lang='lat' dir='ltr'>amici</span> <span class='ocrx_word' id='word_1_53' title='bbox 866 901 1040 998; x_wconf 71' lang='lat' dir='ltr'>praeterei</span> <span class='ocrx_word' id='word_1_54' title='bbox 1058 902 1180 978; x_wconf 84' lang='lat' dir='ltr'>multis</span> <span class='ocrx_word' id='word_1_55' title='bbox 1198 915 1310 988; x_wconf 85' lang='lat' dir='ltr'>modis</span> <span class='ocrx_word' id='word_1_56' title='bbox 1327 939 1411 989; x_wconf 86' lang='lat' dir='ltr'>eum</span> 
     </span>
     <span class='ocr_line' id='line_1_8' title="bbox 112 997 1413 1101; baseline -0.004 -16"><span class='ocrx_word' id='word_1_57' title='bbox 112 1015 361 1101; x_wconf 74' lang='lat' dir='ltr'>hortarentur,</span> <span class='ocrx_word' id='word_1_58' title='bbox 396 1006 424 1077; x_wconf 87' lang='lat' dir='ltr'>is</span> <span class='ocrx_word' id='word_1_59' title='bbox 451 1003 566 1075; x_wconf 79' lang='lat' dir='ltr'>literne</span> <span class='ocrx_word' id='word_1_60' title='bbox 591 1000 673 1071; x_wconf 87' lang='lat' dir='ltr'>dare</span> <span class='ocrx_word' id='word_1_61' title='bbox 691 997 742 1093; x_wconf 87' lang='lat' dir='ltr'>(a)</span> <span class='ocrx_word' id='word_1_62' title='bbox 768 997 811 1070; x_wconf 84' lang='lat' dir='ltr'>ad</span> <span class='ocrx_word' id='word_1_63' title='bbox 828 1000 1019 1093; x_wconf 85' lang='lat' dir='ltr'>Jrharrrrem</span> <span class='ocrx_word' id='word_1_64' title='bbox 1037 1002 1229 1098; x_wconf 55' lang='lat' dir='ltr'>Berraum,</span> <span class='ocrx_word' id='word_1_65' title='bbox 1256 1012 1413 1086; x_wconf 78' lang='lat' dir='ltr'>Gulielnrr&#39;</span> 
     </span>
     <span class='ocr_line' id='line_1_9' title="bbox 110 1097 1421 1204; baseline -0.001 -20"><span class='ocrx_word' id='word_1_66' title='bbox 110 1113 287 1199; x_wconf 72' lang='lat' dir='ltr'>Fratrem,</span> <span class='ocrx_word' id='word_1_67' title='bbox 313 1125 482 1200; x_wconf 81' lang='lat' dir='ltr'>magnum</span> <span class='ocrx_word' id='word_1_68' title='bbox 503 1101 683 1172; x_wconf 87' lang='lat' dir='ltr'>literarum</span> <span class='ocrx_word' id='word_1_69' title='bbox 702 1117 811 1192; x_wconf 87' lang='lat' dir='ltr'>atque</span> <span class='ocrx_word' id='word_1_70' title='bbox 828 1098 1038 1171; x_wconf 88' lang='lat' dir='ltr'>eruditionis</span> <span class='ocrx_word' id='word_1_71' title='bbox 1057 1097 1257 1197; x_wconf 82' lang='lat' dir='ltr'>fautorem,</span> <span class='ocrx_word' id='word_1_72' title='bbox 1284 1102 1421 1204; x_wconf 73' lang='lat' dir='ltr'>quibua</span> 
     </span>
     <span class='ocr_line' id='line_1_10' title="bbox 111 1195 1412 1300; baseline -0.003 -21"><span class='ocrx_word' id='word_1_73' title='bbox 111 1209 150 1285; x_wconf 81' lang='lat' dir='ltr'>dt</span> <span class='ocrx_word' id='word_1_74' title='bbox 177 1226 300 1279; x_wconf 82' lang='lat' dir='ltr'>monet</span> <span class='ocrx_word' id='word_1_75' title='bbox 326 1205 364 1277; x_wconf 75' lang='grc' dir='ltr'>δι</span> <span class='ocrx_word' id='word_1_76' title='bbox 389 1220 488 1274; x_wconf 84' lang='lat' dir='ltr'>orat:</span> <span class='ocrx_word' id='word_1_77' title='bbox 524 1251 552 1288; x_wconf 86' lang='lat'>„</span> <span class='ocrx_word' id='word_1_78' title='bbox 572 1197 724 1268; x_wconf 76' lang='lat' dir='ltr'>Animos</span> <span class='ocrx_word' id='word_1_79' title='bbox 747 1195 957 1289; x_wconf 84' lang='lat' dir='ltr'>Principum</span> <span class='ocrx_word' id='word_1_80' title='bbox 975 1197 1012 1268; x_wconf 90' lang='lat' dir='ltr'>in</span> <span class='ocrx_word' id='word_1_81' title='bbox 1031 1197 1164 1271; x_wconf 86' lang='lat' dir='ltr'>Galliae</span> <span class='ocrx_word' id='word_1_82' title='bbox 1182 1225 1294 1300; x_wconf 88' lang='lat' dir='ltr'>regno</span> <span class='ocrx_word' id='word_1_83' title='bbox 1313 1206 1412 1282; x_wconf 90' lang='lat' dir='ltr'>miti·</span> 
     </span>
     <span class='ocr_line' id='line_1_11' title="bbox 105 1290 1413 1403; baseline 0.005 -28"><span class='ocrx_word' id='word_1_84' title='bbox 105 1357 136 1403; x_wconf 83' lang='lat'>„</span> <span class='ocrx_word' id='word_1_85' title='bbox 161 1327 247 1402; x_wconf 82' lang='lat' dir='ltr'>gare</span> <span class='ocrx_word' id='word_1_86' title='bbox 275 1300 434 1394; x_wconf 86' lang='lat' dir='ltr'>studeat,</span> <span class='ocrx_word' id='word_1_87' title='bbox 465 1294 662 1391; x_wconf 73' lang='lat' dir='ltr'>auctorque</span> <span class='ocrx_word' id='word_1_88' title='bbox 679 1290 744 1383; x_wconf 90' lang='lat' dir='ltr'>srt,</span> <span class='ocrx_word' id='word_1_89' title='bbox 770 1313 812 1364; x_wconf 89' lang='lat' dir='ltr'>ut</span> <span class='ocrx_word' id='word_1_90' title='bbox 829 1294 920 1366; x_wconf 86' lang='lat' dir='ltr'>ratio</span> <span class='ocrx_word' id='word_1_91' title='bbox 937 1294 1096 1388; x_wconf 86' lang='lat' dir='ltr'>ineatur,</span> <span class='ocrx_word' id='word_1_92' title='bbox 1122 1321 1191 1392; x_wconf 86' lang='lat' dir='ltr'>qua</span> <span class='ocrx_word' id='word_1_93' title='bbox 1208 1299 1316 1379; x_wconf 83' lang='lat' dir='ltr'>sanari</span> <span class='ocrx_word' id='word_1_94' title='bbox 1337 1310 1413 1386; x_wconf 87' lang='lat' dir='ltr'>Ec·</span> 
     </span>
     <span class='ocr_line' id='line_1_12' title="bbox 104 1391 1410 1501; baseline 0.002 -26"><span class='ocrx_word' id='word_1_95' title='bbox 104 1457 133 1501; x_wconf 85' lang='lat'>„</span> <span class='ocrx_word' id='word_1_96' title='bbox 158 1400 265 1476; x_wconf 88' lang='lat' dir='ltr'>clesra</span> <span class='ocrx_word' id='word_1_97' title='bbox 291 1395 419 1496; x_wconf 83' lang='lat' dir='ltr'>poflit,</span> <span class='ocrx_word' id='word_1_98' title='bbox 451 1417 558 1491; x_wconf 88' lang='lat' dir='ltr'>quam</span> <span class='ocrx_word' id='word_1_99' title='bbox 587 1391 698 1464; x_wconf 83' lang='lat' dir='ltr'>indier</span> <span class='ocrx_word' id='word_1_100' title='bbox 724 1391 837 1486; x_wconf 85' lang='lat' dir='ltr'>magis</span> <span class='ocrx_word' id='word_1_101' title='bbox 856 1393 1040 1491; x_wconf 75' lang='lat' dir='ltr'>magisque</span> <span class='ocrx_word' id='word_1_102' title='bbox 1059 1393 1202 1470; x_wconf 82' lang='lat' dir='ltr'>lacerari</span> <span class='ocrx_word' id='word_1_103' title='bbox 1221 1423 1410 1498; x_wconf 79' lang='lat' dir='ltr'>appareat:</span> 
     </span>
     <span class='ocr_line' id='line_1_13' title="bbox 102 1485 1411 1605; baseline 0.002 -33"><span class='ocrx_word' id='word_1_104' title='bbox 102 1554 132 1599; x_wconf 85' lang='lat'>,‚</span> <span class='ocrx_word' id='word_1_105' title='bbox 160 1497 301 1572; x_wconf 85' lang='lat' dir='ltr'>Abusus</span> <span class='ocrx_word' id='word_1_106' title='bbox 326 1493 495 1593; x_wconf 76' lang='lat' dir='ltr'>quosdam</span> <span class='ocrx_word' id='word_1_107' title='bbox 523 1488 593 1564; x_wconf 85' lang='lat' dir='ltr'>elle</span> <span class='ocrx_word' id='word_1_108' title='bbox 618 1485 844 1586; x_wconf 79' lang='lat' dir='ltr'>reprehensos</span> <span class='ocrx_word' id='word_1_109' title='bbox 871 1488 909 1562; x_wconf 79' lang='lat' dir='ltr'>dt</span> <span class='ocrx_word' id='word_1_110' title='bbox 934 1512 1031 1562; x_wconf 89' lang='lat' dir='ltr'>nunc</span> <span class='ocrx_word' id='word_1_111' title='bbox 1054 1493 1186 1566; x_wconf 93' lang='lat' dir='ltr'>multos</span> <span class='ocrx_word' id='word_1_112' title='bbox 1206 1500 1411 1605; x_wconf 75' lang='lat' dir='ltr'>ploratque</span> 
     </span>
     <span class='ocr_line' id='line_1_14' title="bbox 43 1582 1411 1700; baseline -0.001 -30"><span class='ocrx_word' id='word_1_113' title='bbox 43 1672 45 1677; x_wconf 79' lang='grc'>,</span> <span class='ocrx_word' id='word_1_114' title='bbox 102 1622 140 1697; x_wconf 78' lang='grc'>,,’</span> <span class='ocrx_word' id='word_1_115' title='bbox 158 1593 284 1670; x_wconf 68' lang='lat' dir='ltr'>doctos</span> <span class='ocrx_word' id='word_1_116' title='bbox 301 1594 486 1668; x_wconf 85' lang='lat' dir='ltr'>veritatem</span> <span class='ocrx_word' id='word_1_117' title='bbox 506 1611 665 1685; x_wconf 73' lang='lat' dir='ltr'>quaerere</span> <span class='ocrx_word' id='word_1_118' title='bbox 684 1586 720 1659; x_wconf 90' lang='lat'>&amp;</span> <span class='ocrx_word' id='word_1_119' title='bbox 738 1582 914 1659; x_wconf 75' lang='lat' dir='ltr'>do&amp;rinae</span> <span class='ocrx_word' id='word_1_120' title='bbox 932 1609 1044 1684; x_wconf 88' lang='lat' dir='ltr'>genus</span> <span class='ocrx_word' id='word_1_121' title='bbox 1063 1611 1217 1685; x_wconf 90' lang='lat' dir='ltr'>purum,</span> <span class='ocrx_word' id='word_1_122' title='bbox 1238 1619 1308 1672; x_wconf 87' lang='lat' dir='ltr'>nnn</span> <span class='ocrx_word' id='word_1_123' title='bbox 1328 1630 1411 1700; x_wconf 67' lang='lat' dir='ltr'>pm.</span> 
     </span>
     <span class='ocr_line' id='line_1_15' title="bbox 103 1682 1410 1795; baseline 0.006 -26"><span class='ocrx_word' id='word_1_124' title='bbox 103 1750 132 1795; x_wconf 91' lang='lat'>„</span> <span class='ocrx_word' id='word_1_125' title='bbox 156 1719 202 1769; x_wconf 84' lang='lat' dir='ltr'>va</span> <span class='ocrx_word' id='word_1_126' title='bbox 216 1694 419 1792; x_wconf 87' lang='lat' dir='ltr'>cupiditate</span> <span class='ocrx_word' id='word_1_127' title='bbox 436 1690 574 1786; x_wconf 89' lang='lat' dir='ltr'>aliqua,</span> <span class='ocrx_word' id='word_1_128' title='bbox 602 1682 658 1757; x_wconf 90' lang='lat' dir='ltr'>sed</span> <span class='ocrx_word' id='word_1_129' title='bbox 679 1682 795 1757; x_wconf 83' lang='lat' dir='ltr'>lindio</span> <span class='ocrx_word' id='word_1_130' title='bbox 814 1683 1009 1785; x_wconf 85' lang='lat' dir='ltr'>religionis.</span> <span class='ocrx_word' id='word_1_131' title='bbox 1030 1684 1085 1779; x_wconf 90' lang='lat' dir='ltr'>(b)</span> <span class='ocrx_word' id='word_1_132' title='bbox 1123 1690 1245 1788; x_wconf 85' lang='lat' dir='ltr'>Atque</span> <span class='ocrx_word' id='word_1_133' title='bbox 1261 1696 1330 1773; x_wconf 85' lang='lat' dir='ltr'>elle</span> <span class='ocrx_word' id='word_1_134' title='bbox 1348 1727 1410 1778; x_wconf 89' lang='lat' dir='ltr'>or·</span> 
     </span>
     <span class='ocr_line' id='line_1_16' title="bbox 102 1781 1408 1894; baseline 0.005 -26"><span class='ocrx_word' id='word_1_135' title='bbox 102 1847 131 1894; x_wconf 89' lang='lat'>„</span> <span class='ocrx_word' id='word_1_136' title='bbox 156 1813 209 1868; x_wconf 82' lang='lat' dir='ltr'>tar</span> <span class='ocrx_word' id='word_1_137' title='bbox 234 1788 495 1866; x_wconf 81' lang='lat' dir='ltr'>controversias</span> <span class='ocrx_word' id='word_1_138' title='bbox 522 1786 567 1858; x_wconf 87' lang='lat' dir='ltr'>de</span> <span class='ocrx_word' id='word_1_139' title='bbox 593 1782 759 1855; x_wconf 82' lang='lat' dir='ltr'>maximis</span> <span class='ocrx_word' id='word_1_140' title='bbox 783 1781 909 1875; x_wconf 82' lang='lat' dir='ltr'>rebus,</span> <span class='ocrx_word' id='word_1_141' title='bbox 941 1805 1024 1878; x_wconf 84' lang='lat' dir='ltr'>quae</span> <span class='ocrx_word' id='word_1_142' title='bbox 1051 1786 1148 1861; x_wconf 85' lang='lat' dir='ltr'>nulla</span> <span class='ocrx_word' id='word_1_143' title='bbox 1171 1813 1350 1870; x_wconf 87' lang='lat' dir='ltr'>armorum</span> <span class='ocrx_word' id='word_1_144' title='bbox 1370 1806 1408 1878; x_wconf 91' lang='lat' dir='ltr'>vi</span> 
     </span>
     <span class='ocr_line' id='line_1_17' title="bbox 103 1879 1410 1990; baseline 0 -26"><span class='ocrx_word' id='word_1_145' title='bbox 103 1945 132 1990; x_wconf 90' lang='lat'>„</span> <span class='ocrx_word' id='word_1_146' title='bbox 157 1909 221 1964; x_wconf 89' lang='lat' dir='ltr'>aut</span> <span class='ocrx_word' id='word_1_147' title='bbox 238 1889 497 1986; x_wconf 88' lang='lat' dir='ltr'>suppliciorum</span> <span class='ocrx_word' id='word_1_148' title='bbox 517 1900 616 1957; x_wconf 88' lang='lat' dir='ltr'>metu</span> <span class='ocrx_word' id='word_1_149' title='bbox 634 1879 793 1978; x_wconf 90' lang='lat' dir='ltr'>opprimi</span> <span class='ocrx_word' id='word_1_150' title='bbox 813 1879 911 1975; x_wconf 88' lang='lat' dir='ltr'>posse</span> <span class='ocrx_word' id='word_1_151' title='bbox 928 1883 1130 1959; x_wconf 82' lang='lat' dir='ltr'>videantur.</span> <span class='ocrx_word' id='word_1_152' title='bbox 1175 1888 1267 1964; x_wconf 92' lang='lat' dir='ltr'>Non</span> <span class='ocrx_word' id='word_1_153' title='bbox 1286 1915 1410 1990; x_wconf 79' lang='lat' dir='ltr'>patro.</span> 
     </span>
     <span class='ocr_line' id='line_1_18' title="bbox 101 1976 1409 2097; baseline 0.007 -35"><span class='ocrx_word' id='word_1_154' title='bbox 101 2041 130 2097; x_wconf 56' lang='lat'><em>2</em></span> <span class='ocrx_word' id='word_1_155' title='bbox 155 1987 326 2063; x_wconf 82' lang='lat' dir='ltr'>cinarise</span> <span class='ocrx_word' id='word_1_156' title='bbox 352 1983 568 2058; x_wconf 83' lang='lat' dir='ltr'>turbulentia</span> <span class='ocrx_word' id='word_1_157' title='bbox 593 1998 654 2051; x_wconf 84' lang='lat' dir='ltr'>aut</span> <span class='ocrx_word' id='word_1_158' title='bbox 679 1976 874 2073; x_wconf 73' lang='lat' dir='ltr'>seditiosa,</span> <span class='ocrx_word' id='word_1_159' title='bbox 902 2001 1017 2078; x_wconf 85' lang='lat' dir='ltr'>neque</span> <span class='ocrx_word' id='word_1_160' title='bbox 1035 1982 1076 2056; x_wconf 86' lang='lat' dir='ltr'>iis</span> <span class='ocrx_word' id='word_1_161' title='bbox 1093 1985 1155 2080; x_wconf 91' lang='lat' dir='ltr'>qui</span> <span class='ocrx_word' id='word_1_162' title='bbox 1174 1987 1409 2087; x_wconf 83' lang='lat' dir='ltr'>improbitate</span> 
     </span>
     <span class='ocr_line' id='line_1_19' title="bbox 103 2074 1407 2187; baseline 0.002 -31"><span class='ocrx_word' id='word_1_163' title='bbox 103 2123 131 2178; x_wconf 89' lang='lat'>,·,</span> <span class='ocrx_word' id='word_1_164' title='bbox 153 2105 217 2156; x_wconf 77' lang='lat' dir='ltr'>ant</span> <span class='ocrx_word' id='word_1_165' title='bbox 233 2085 369 2155; x_wconf 81' lang='lat' dir='ltr'>mali-tia</span> <span class='ocrx_word' id='word_1_166' title='bbox 384 2084 571 2151; x_wconf 76' lang='lat' dir='ltr'>veritatem</span> <span class='ocrx_word' id='word_1_167' title='bbox 588 2077 758 2166; x_wconf 74' lang='lat' dir='ltr'>simplicis</span> <span class='ocrx_word' id='word_1_168' title='bbox 776 2074 950 2149; x_wconf 70' lang='lat' dir='ltr'>doctrina</span> <span class='ocrx_word' id='word_1_169' title='bbox 967 2103 1223 2180; x_wconf 79' lang='lat' dir='ltr'>corrumpant,</span> <span class='ocrx_word' id='word_1_170' title='bbox 1245 2113 1335 2187; x_wconf 84' lang='lat' dir='ltr'>quos</span> <span class='ocrx_word' id='word_1_171' title='bbox 1354 2094 1407 2168; x_wconf 85' lang='lat' dir='ltr'>sa.</span> 
     </span>
     <span class='ocr_line' id='line_1_20' title="bbox 105 2170 1409 2274; baseline 0.008 -30"><span class='ocrx_word' id='word_1_172' title='bbox 105 2229 133 2274; x_wconf 78' lang='lat'>„</span> <span class='ocrx_word' id='word_1_173' title='bbox 157 2179 296 2248; x_wconf 77' lang='lat' dir='ltr'>naticor</span> <span class='ocrx_word' id='word_1_174' title='bbox 323 2174 456 2242; x_wconf 78' lang='lat' dir='ltr'>solebat</span> <span class='ocrx_word' id='word_1_175' title='bbox 478 2191 621 2239; x_wconf 81' lang='lat' dir='ltr'>vocare.</span> <span class='ocrx_word' id='word_1_176' title='bbox 665 2170 803 2240; x_wconf 85' lang='lat' dir='ltr'>Verum</span> <span class='ocrx_word' id='word_1_177' title='bbox 820 2171 948 2243; x_wconf 83' lang='lat' dir='ltr'>horum</span> <span class='ocrx_word' id='word_1_178' title='bbox 966 2177 1073 2249; x_wconf 86' lang='lat' dir='ltr'>etiam</span> <span class='ocrx_word' id='word_1_179' title='bbox 1091 2178 1203 2256; x_wconf 87' lang='lat' dir='ltr'>furori</span> <span class='ocrx_word' id='word_1_180' title='bbox 1224 2184 1272 2260; x_wconf 84' lang='lat' dir='ltr'>fic</span> <span class='ocrx_word' id='word_1_181' title='bbox 1291 2183 1409 2269; x_wconf 63' lang='lat' dir='ltr'>mani.</span> 
     </span>
    </p>
   </div>
   <div class='ocr_carea' id='block_1_5' title="bbox 104 2263 1407 2441">
    <p class='ocr_par' dir='ltr' id='par_1_5' title="bbox 104 2263 1407 2441">
     <span class='ocr_line' id='line_1_21' title="bbox 104 2263 1407 2441; baseline -0.003 -96"><span class='ocrx_word' id='word_1_182' title='bbox 104 2326 132 2370; x_wconf 84' lang='lat'>,‚</span> <span class='ocrx_word' id='word_1_183' title='bbox 158 2267 220 2343; x_wconf 61' lang='lat' dir='ltr'>me*</span> <span class='ocrx_word' id='word_1_184' title='bbox 246 2265 356 2340; x_wconf 76' lang='lat' dir='ltr'>resilii</span> <span class='ocrx_word' id='word_1_185' title='bbox 381 2263 501 2357; x_wconf 83' lang='lat' dir='ltr'>polle,</span> <span class='ocrx_word' id='word_1_186' title='bbox 527 2263 673 2332; x_wconf 86' lang='lat' dir='ltr'>ficxttt</span> <span class='ocrx_word' id='word_1_187' title='bbox 690 2282 829 2334; x_wconf 84' lang='lat' dir='ltr'>certum</span> <span class='ocrx_word' id='word_1_188' title='bbox 848 2265 1022 2342; x_wconf 64' lang='lat' dir='ltr'>doerinae</span> <span class='ocrx_word' id='word_1_189' title='bbox 1033 2297 1177 2441; x_wconf 73' lang='lat' dir='ltr'>genua,</span> <span class='ocrx_word' id='word_1_190' title='bbox 1199 2304 1276 2377; x_wconf 78' lang='lat' dir='ltr'>quo</span> <span class='ocrx_word' id='word_1_191' title='bbox 1291 2291 1407 2366; x_wconf 49' lang='grc' dir='ltr'>ΜΝ,</span> 
     </span>
    </p>
   </div>
   <div class='ocr_carea' id='block_1_6' title="bbox 97 2355 1447 4028">
    <p class='ocr_par' dir='ltr' id='par_1_6' title="bbox 97 2355 1447 4046">
     <span class='ocr_line' id='line_1_22' title="bbox 103 2355 1406 2470; baseline 0.01 -31"><span class='ocrx_word' id='word_1_192' title='bbox 103 2426 131 2470; x_wconf 88' lang='lat'>„</span> <span class='ocrx_word' id='word_1_193' title='bbox 156 2385 312 2467; x_wconf 83' lang='lat' dir='ltr'>gentum</span> <span class='ocrx_word' id='word_1_194' title='bbox 337 2361 445 2436; x_wconf 85' lang='lat' dir='ltr'>animi</span> <span class='ocrx_word' id='word_1_195' title='bbox 473 2355 681 2432; x_wconf 77' lang='lat' dir='ltr'>confirmati</span> <span class='ocrx_word' id='word_1_196' title='bbox 699 2360 871 2469; x_wconf 77' lang='lat' dir='ltr'>nitantur.</span> <span class='ocrx_word' id='word_1_197' title='bbox 917 2363 1031 2440; x_wconf 85' lang='lat' dir='ltr'>Osten</span> <span class='ocrx_word' id='word_1_198' title='bbox 1059 2373 1110 2461; x_wconf 85' lang='lat' dir='ltr'>ir,</span> <span class='ocrx_word' id='word_1_199' title='bbox 1136 2395 1306 2469; x_wconf 88' lang='lat' dir='ltr'>quantum</span> <span class='ocrx_word' id='word_1_200' title='bbox 1326 2413 1406 2462; x_wconf 77' lang='lat' dir='ltr'>mo.</span> 
     </span>
     <span class='ocr_line' id='line_1_23' title="bbox 103 2453 1408 2566; baseline 0.008 -30"><span class='ocrx_word' id='word_1_201' title='bbox 103 2521 132 2566; x_wconf 84' lang='lat'>„</span> <span class='ocrx_word' id='word_1_202' title='bbox 158 2465 272 2539; x_wconf 88' lang='lat' dir='ltr'>menti</span> <span class='ocrx_word' id='word_1_203' title='bbox 294 2462 339 2535; x_wconf 80' lang='lat' dir='ltr'>stt</span> <span class='ocrx_word' id='word_1_204' title='bbox 359 2461 394 2531; x_wconf 87' lang='lat' dir='ltr'>in</span> <span class='ocrx_word' id='word_1_205' title='bbox 411 2457 546 2532; x_wconf 78' lang='lat' dir='ltr'>Galliae</span> <span class='ocrx_word' id='word_1_206' title='bbox 566 2453 962 2565; x_wconf 29' lang='lat' dir='ltr'>llorentrllimonregm,</span> <span class='ocrx_word' id='word_1_207' title='bbox 987 2463 1029 2532; x_wconf 86' lang='lat' dir='ltr'>ad</span> <span class='ocrx_word' id='word_1_208' title='bbox 1047 2469 1209 2541; x_wconf 87' lang='lat' dir='ltr'>omnium</span> <span class='ocrx_word' id='word_1_209' title='bbox 1227 2472 1408 2559; x_wconf 72' lang='lat' dir='ltr'>bonorum</span> 
     </span>
     <span class='ocr_line' id='line_1_24' title="bbox 101 2551 1408 2678; baseline 0.008 -43"><span class='ocrx_word' id='word_1_210' title='bbox 101 2622 129 2666; x_wconf 87' lang='lat'>„</span> <span class='ocrx_word' id='word_1_211' title='bbox 153 2564 294 2678; x_wconf 66' lang='lat' dir='ltr'>animos</span> <span class='ocrx_word' id='word_1_212' title='bbox 322 2581 394 2632; x_wconf 83' lang='lat' dir='ltr'>tam</span> <span class='ocrx_word' id='word_1_213' title='bbox 420 2552 610 2652; x_wconf 80' lang='lat' dir='ltr'>erigendos</span> <span class='ocrx_word' id='word_1_214' title='bbox 631 2575 737 2648; x_wconf 85' lang='lat' dir='ltr'>quam</span> <span class='ocrx_word' id='word_1_215' title='bbox 755 2551 989 2668; x_wconf 65' lang='lat' dir='ltr'>dejiciendos.</span> <span class='ocrx_word' id='word_1_216' title='bbox 1030 2558 1078 2671; x_wconf 69' lang='lat' dir='ltr'>In</span> <span class='ocrx_word' id='word_1_217' title='bbox 1092 2583 1136 2633; x_wconf 84' lang='lat' dir='ltr'>eo</span> <span class='ocrx_word' id='word_1_218' title='bbox 1156 2562 1181 2636; x_wconf 83' lang='lat' dir='ltr'>fi</span> <span class='ocrx_word' id='word_1_219' title='bbox 1200 2577 1408 2665; x_wconf 79' lang='lat' dir='ltr'>exemplum</span> 
     </span>
     <span class='ocr_line' id='line_1_25' title="bbox 97 2651 1407 2864; baseline 0.001 -29"><span class='ocrx_word' id='word_1_220' title='bbox 97 2718 127 2864; x_wconf 79' lang='grc' dir='ltr'>ζζ</span> <span class='ocrx_word' id='word_1_221' title='bbox 151 2652 740 2852; x_wconf 63' lang='lat' dir='ltr'>lllllll⁰tlllrlll⁰tlllss</span> <span class='ocrx_word' id='word_1_222' title='bbox 759 2651 963 2823; x_wconf 58' lang='lat' dir='ltr'>illul</span> <span class='ocrx_word' id='word_1_223' title='bbox 978 2652 1407 2848; x_wconf 50' lang='lat' dir='ltr'>titillari-‘uultu</span> 
     </span>
     <span class='ocr_line' id='line_1_26' title="bbox 98 2846 1407 2962; baseline 0.014 -38"><span class='ocrx_word' id='word_1_224' title='bbox 98 2916 127 2962; x_wconf 55' lang='lat'>²,</span> <span class='ocrx_word' id='word_1_225' title='bbox 152 2882 233 2951; x_wconf 81' lang='lat' dir='ltr'>nrt,</span> <span class='ocrx_word' id='word_1_226' title='bbox 267 2858 305 2930; x_wconf 86' lang='lat'>&amp;</span> <span class='ocrx_word' id='word_1_227' title='bbox 333 2873 493 2925; x_wconf 86' lang='lat' dir='ltr'>errorum</span> <span class='ocrx_word' id='word_1_228' title='bbox 522 2846 721 2940; x_wconf 68' lang='lat' dir='ltr'>comestio,</span> <span class='ocrx_word' id='word_1_229' title='bbox 758 2847 878 2945; x_wconf 81' lang='lat' dir='ltr'>ficque</span> <span class='ocrx_word' id='word_1_230' title='bbox 905 2850 1093 2947; x_wconf 83' lang='lat' dir='ltr'>praesentia</span> <span class='ocrx_word' id='word_1_231' title='bbox 1121 2857 1293 2940; x_wconf 85' lang='lat' dir='ltr'>Ecclesrae</span> <span class='ocrx_word' id='word_1_232' title='bbox 1318 2873 1407 2955; x_wconf 75' lang='lat' dir='ltr'>viria</span> 
     </span>
     <span class='ocr_line' id='line_1_27' title="bbox 98 2944 1407 3072; baseline 0.007 -40"><span class='ocrx_word' id='word_1_233' title='bbox 98 3013 127 3061; x_wconf 82' lang='lat'>‚,</span> <span class='ocrx_word' id='word_1_234' title='bbox 152 2955 288 3032; x_wconf 87' lang='lat' dir='ltr'>summa</span> <span class='ocrx_word' id='word_1_235' title='bbox 302 2951 342 3025; x_wconf 89' lang='lat' dir='ltr'>vi</span> <span class='ocrx_word' id='word_1_236' title='bbox 360 2947 616 3060; x_wconf 72' lang='lat' dir='ltr'>defendantur,</span> <span class='ocrx_word' id='word_1_237' title='bbox 635 2945 796 3060; x_wconf 79' lang='lat' dir='ltr'>futurum</span> <span class='ocrx_word' id='word_1_238' title='bbox 817 2944 907 3060; x_wconf 73' lang='lat' dir='ltr'>elle,</span> <span class='ocrx_word' id='word_1_239' title='bbox 917 2969 963 3023; x_wconf 86' lang='lat' dir='ltr'>ut</span> <span class='ocrx_word' id='word_1_240' title='bbox 981 2950 1116 3052; x_wconf 88' lang='lat' dir='ltr'>ubique</span> <span class='ocrx_word' id='word_1_241' title='bbox 1124 2961 1292 3057; x_wconf 87' lang='lat' dir='ltr'>gentium</span> <span class='ocrx_word' id='word_1_242' title='bbox 1303 2993 1407 3072; x_wconf 83' lang='lat' dir='ltr'>mag·</span> 
     </span>
     <span class='ocr_line' id='line_1_28' title="bbox 98 3045 1406 3157; baseline 0.003 -29"><span class='ocrx_word' id='word_1_243' title='bbox 98 3111 127 3157; x_wconf 86' lang='lat'>„</span> <span class='ocrx_word' id='word_1_244' title='bbox 150 3079 196 3128; x_wconf 88' lang='lat' dir='ltr'>na</span> <span class='ocrx_word' id='word_1_245' title='bbox 214 3054 258 3126; x_wconf 87' lang='lat' dir='ltr'>de</span> <span class='ocrx_word' id='word_1_246' title='bbox 273 3051 334 3148; x_wconf 88' lang='lat' dir='ltr'>spe</span> <span class='ocrx_word' id='word_1_247' title='bbox 351 3049 437 3120; x_wconf 89' lang='lat' dir='ltr'>bont</span> <span class='ocrx_word' id='word_1_248' title='bbox 457 3068 581 3143; x_wconf 89' lang='lat' dir='ltr'>prrque</span> <span class='ocrx_word' id='word_1_249' title='bbox 597 3045 775 3119; x_wconf 77' lang='lat' dir='ltr'>deerdmt.</span> <span class='ocrx_word' id='word_1_250' title='bbox 812 3046 947 3120; x_wconf 74' lang='lat' dir='ltr'>adda:</span> <span class='ocrx_word' id='word_1_251' title='bbox 969 3049 1051 3125; x_wconf 78' lang='lat' dir='ltr'>Esse</span> <span class='ocrx_word' id='word_1_252' title='bbox 1068 3077 1126 3126; x_wconf 85' lang='lat' dir='ltr'>eas</span> <span class='ocrx_word' id='word_1_253' title='bbox 1144 3081 1267 3151; x_wconf 81' lang='lat' dir='ltr'>preces</span> <span class='ocrx_word' id='word_1_254' title='bbox 1284 3067 1322 3142; x_wconf 69' lang='grc' dir='ltr'>δι</span> <span class='ocrx_word' id='word_1_255' title='bbox 1337 3095 1406 3145; x_wconf 75' lang='lat' dir='ltr'>vo.</span> 
     </span>
     <span class='ocr_line' id='line_1_29' title="bbox 99 3142 1406 3254; baseline 0.008 -29"><span class='ocrx_word' id='word_1_256' title='bbox 99 3207 128 3254; x_wconf 84' lang='lat'>‚,</span> <span class='ocrx_word' id='word_1_257' title='bbox 152 3173 190 3226; x_wconf 86' lang='lat' dir='ltr'>ta</span> <span class='ocrx_word' id='word_1_258' title='bbox 216 3150 302 3238; x_wconf 88' lang='lat' dir='ltr'>ista,</span> <span class='ocrx_word' id='word_1_259' title='bbox 338 3166 379 3220; x_wconf 89' lang='lat' dir='ltr'>ut</span> <span class='ocrx_word' id='word_1_260' title='bbox 406 3147 442 3217; x_wconf 92' lang='lat' dir='ltr'>in</span> <span class='ocrx_word' id='word_1_261' title='bbox 470 3142 631 3240; x_wconf 89' lang='lat' dir='ltr'>periculo</span> <span class='ocrx_word' id='word_1_262' title='bbox 655 3145 844 3217; x_wconf 84' lang='lat' dir='ltr'>communi</span> <span class='ocrx_word' id='word_1_263' title='bbox 863 3144 1090 3222; x_wconf 87' lang='lat' dir='ltr'>succurratur</span> <span class='ocrx_word' id='word_1_264' title='bbox 1110 3151 1283 3232; x_wconf 75' lang='lat' dir='ltr'>Ecclesiae</span> <span class='ocrx_word' id='word_1_265' title='bbox 1302 3165 1406 3245; x_wconf 79' lang='lat' dir='ltr'>simul</span> 
     </span>
     <span class='ocr_line' id='line_1_30' title="bbox 101 3240 1404 3350; baseline 0.008 -30"><span class='ocrx_word' id='word_1_266' title='bbox 101 3305 129 3350; x_wconf 86' lang='lat'>„</span> <span class='ocrx_word' id='word_1_267' title='bbox 154 3269 262 3345; x_wconf 76' lang='lat' dir='ltr'>atque</span> <span class='ocrx_word' id='word_1_268' title='bbox 276 3242 533 3340; x_wconf 77' lang='lat' dir='ltr'>Reipublicae,</span> <span class='ocrx_word' id='word_1_269' title='bbox 558 3265 632 3314; x_wconf 91' lang='lat' dir='ltr'>non</span> <span class='ocrx_word' id='word_1_270' title='bbox 648 3241 755 3312; x_wconf 86' lang='lat' dir='ltr'>unius</span> <span class='ocrx_word' id='word_1_271' title='bbox 772 3240 925 3313; x_wconf 78' lang='lat' dir='ltr'>nationis</span> <span class='ocrx_word' id='word_1_272' title='bbox 942 3264 984 3314; x_wconf 86' lang='lat' dir='ltr'>oc</span> <span class='ocrx_word' id='word_1_273' title='bbox 1002 3248 1139 3339; x_wconf 84' lang='lat' dir='ltr'>gentis,</span> <span class='ocrx_word' id='word_1_274' title='bbox 1165 3251 1222 3325; x_wconf 86' lang='lat' dir='ltr'>sed</span> <span class='ocrx_word' id='word_1_275' title='bbox 1240 3263 1404 3340; x_wconf 78' lang='lat' dir='ltr'>omnium</span> 
     </span>
     <span class='ocr_line' id='line_1_31' title="bbox 100 3335 1405 3462; baseline 0.008 -41"><span class='ocrx_word' id='word_1_276' title='bbox 100 3401 130 3443; x_wconf 88' lang='lat'>‚‚</span> <span class='ocrx_word' id='word_1_277' title='bbox 154 3351 292 3462; x_wconf 76' lang='lat' dir='ltr'>intoro</span> <span class='ocrx_word' id='word_1_278' title='bbox 310 3342 397 3458; x_wconf 69' lang='lat' dir='ltr'>orire</span> <span class='ocrx_word' id='word_1_279' title='bbox 416 3362 614 3435; x_wconf 81' lang='lat' dir='ltr'>terrarum,</span> <span class='ocrx_word' id='word_1_280' title='bbox 639 3335 814 3438; x_wconf 75' lang='lat' dir='ltr'>religiose</span> <span class='ocrx_word' id='word_1_281' title='bbox 834 3336 976 3434; x_wconf 81' lang='lat' dir='ltr'>pictatis</span> <span class='ocrx_word' id='word_1_282' title='bbox 995 3341 1031 3416; x_wconf 89' lang='lat'>&amp;</span> <span class='ocrx_word' id='word_1_283' title='bbox 1051 3350 1316 3444; x_wconf 81' lang='lat' dir='ltr'>tranquillitatis</span> <span class='ocrx_word' id='word_1_284' title='bbox 1336 3386 1405 3461; x_wconf 80' lang='lat' dir='ltr'>pu·</span> 
     </span>
     <span class='ocr_line' id='line_1_32' title="bbox 102 3441 1380 3545; baseline -0.001 -28"><span class='ocrx_word' id='word_1_285' title='bbox 102 3495 130 3541; x_wconf 86' lang='lat'>,‚</span> <span class='ocrx_word' id='word_1_286' title='bbox 152 3444 262 3519; x_wconf 80' lang='lat' dir='ltr'>blrcae</span> <span class='ocrx_word' id='word_1_287' title='bbox 279 3441 512 3541; x_wconf 76' lang='lat' dir='ltr'>cupidorum.</span> <span class='ocrx_word' id='word_1_288' title='bbox 528 3491 557 3535; x_wconf 90' lang='lat'>‚‚</span> <span class='ocrx_word' id='word_1_289' title='bbox 1377 3540 1380 3545; x_wconf 17' lang='grc' dir='ltr'>ι</span> 
     </span>
     <span class='ocr_line' id='line_1_33' title="bbox 1345 3558 1406 3635; baseline 0.016 -1"><span class='ocrx_word' id='word_1_290' title='bbox 1345 3558 1406 3635; x_wconf 82' lang='lat' dir='ltr'>Ad</span> 
     </span>
     <span class='ocr_line' id='line_1_34' title="bbox 103 3734 1447 3910; baseline 0.014 -105"><span class='ocrx_word' id='word_1_291' title='bbox 103 3748 195 3903; x_wconf 47' lang='lat' dir='ltr'>editis)</span> <span class='ocrx_word' id='word_1_292' title='bbox 207 3744 294 3895; x_wconf 48' lang='grc' dir='ltr'>ἹΙζΙπΙς</span> <span class='ocrx_word' id='word_1_293' title='bbox 313 3739 537 3910; x_wconf 50' lang='lat' dir='ltr'>gepggigrrufqln</span> <span class='ocrx_word' id='word_1_294' title='bbox 552 3734 807 3808; x_wconf 84' lang='lat' dir='ltr'>MELANC</span> <span class='ocrx_word' id='word_1_295' title='bbox 818 3735 908 3805; x_wconf 84' lang='lat' dir='ltr'>HT.</span> <span class='ocrx_word' id='word_1_296' title='bbox 926 3738 1048 3807; x_wconf 85' lang='lat' dir='ltr'>Confrl.</span> <span class='ocrx_word' id='word_1_297' title='bbox 1066 3739 1226 3837; x_wconf 86' lang='lat' dir='ltr'>Theolog.</span> <span class='ocrx_word' id='word_1_298' title='bbox 1244 3750 1261 3815; x_wconf 79' lang='lat' dir='ltr'>i</span> <span class='ocrx_word' id='word_1_299' title='bbox 1276 3751 1405 3824; x_wconf 73' lang='lat' dir='ltr'>Perelio</span> <span class='ocrx_word' id='word_1_300' title='bbox 1420 3773 1447 3882; x_wconf 26' lang='lat'>⁷.-</span> 
     </span>
     <span class='ocr_line' id='line_1_35' title="bbox 145 3877 1203 4028; baseline 0.002 -21"><span class='ocrx_word' id='word_1_301' title='bbox 145 3942 197 4028; x_wconf 88' lang='lat' dir='ltr'>(b)</span> <span class='ocrx_word' id='word_1_302' title='bbox 221 3877 286 4006; x_wconf 61' lang='lat' dir='ltr'>rid,</span> <span class='ocrx_word' id='word_1_303' title='bbox 303 3931 557 4010; x_wconf 84' lang='lat' dir='ltr'>CAMERAR.</span> <span class='ocrx_word' id='word_1_304' title='bbox 574 3935 606 4003; x_wconf 88' lang='lat' dir='ltr'>in</span> <span class='ocrx_word' id='word_1_305' title='bbox 623 3936 698 4007; x_wconf 77' lang='lat' dir='ltr'>vira</span> <span class='ocrx_word' id='word_1_306' title='bbox 714 3929 914 4007; x_wconf 81' lang='lat' dir='ltr'>Melanchtl.</span> <span class='ocrx_word' id='word_1_307' title='bbox 928 3958 959 4024; x_wconf 89' lang='lat' dir='ltr'>p.</span> <span class='ocrx_word' id='word_1_308' title='bbox 975 3957 1021 4008; x_wconf 80' lang='lat' dir='ltr'>m.</span> <span class='ocrx_word' id='word_1_309' title='bbox 1041 3941 1112 4024; x_wconf 87' lang='lat'>146.</span> <span class='ocrx_word' id='word_1_310' title='bbox 1133 3956 1203 4026; x_wconf 84' lang='lat'>147.</span> 
     </span>
    </p>
   </div>
   <div class='ocr_carea' id='block_1_7' title="bbox 0 0 1666 4456">
    <p class='ocr_par' dir='ltr' id='par_1_7' title="bbox 0 0 1666 4456">
     <span class='ocr_line' id='line_1_36' title="bbox 0 0 1666 4456; baseline 0 2"><span class='ocrx_word' id='word_1_311' title='bbox 0 0 1666 4456; x_wconf 95' lang='lat' dir='ltr'> </span> 
     </span>
    </p>
   </div>
  </div>
 </body>
</html>
