3322 4456
201 293 272 389 300
399 267 784 351 ursronra
826 265 1267 348 nvanonurr
1327 279 1495 380 a.1540.·

201 400 433 490 cohortatus,
466 397 551 468 durn
578 396 711 468 interea
734 397 906 468 Gerardrrs
930 413 1036 490 atquc
1062 399 1277 487 fflnrnyrrns
1301 399 1385 476 fidei
1413 409 1490 502 ejus

202 493 404 582 consortes,
430 493 523 563 idem
540 492 661 562 eadem
680 494 788 564 animi
806 492 1004 566 constantia
1019 490 1200 564 subierunt
1216 494 1442 590 supplicium.

248 592 301 660 At
319 588 428 679 vcrd,
447 612 520 659 non
538 589 574 658 in
593 587 673 657 Hos
690 582 826 676 solinu,
844 587 901 658 sed
917 589 954 659 ὃ(
974 590 1010 659 in
1027 588 1156 658 vereris
1173 588 1353 685 religionis
1370 597 1489 669 culto·
1584 621 1596 637 ·

200 706 255 756 res
276 684 315 757 &
334 682 538 755 Pontificio:
556 680 811 774 superstitionis
830 681 1030 770 assertores,
1057 682 1117 752 illa
1132 679 1380 761 effervescebat
1397 712 1490 765 tem·

200 777 335 873 pellas,
369 778 566 872 eodemque
590 778 803 849 Parlamenti
826 780 972 849 decreto
990 780 1118 871 capitis
1137 781 1186 849 rei
1203 782 1490 879 declarabantur,

227 897 352 945 uorum
380 875 529 944 crimina
554 869 665 965 longe
690 894 788 944 erant
815 873 979 958 diversa3
1025 875 1086 945 Sic
1111 875 1237 965 enirn,
1281 876 1359 951 sunt
1386 883 1492 955 verba

198 897 452 1040 dunum
475 973 546 1060 (a),
572 966 771 1062 Gregorius
790 971 1013 1061 Butrolphus,
1039 968 1196 1042 Adamus
1214 975 1399 1070 Damplip,
1417 978 1493 1050 Ed·

198 1066 352 1136 mundus
378 1066 649 1152 Brindholmius,
683 1064 719 1134 δι
747 1064 914 1135 Clemens
939 1065 1140 1153 Philpotus,
1174 1069 1270 1157 quod
1287 1071 1493 1165 Reginaldo

197 1158 292 1233 Polo
310 1184 416 1254 opem
436 1159 611 1243 tulerant,
637 1158 777 1250 Regem
798 1156 998 1248 supremum
1018 1155 1191 1226 Ecclefiae
1202 1160 1415 1255 Anglicanae
1434 1194 1494 1243 ca·

197 1275 266 1348 put
293 1256 481 1352 agnoscere
510 1249 729 1339 recusarint,
762 1253 799 1324 ὅ(
817 1253 985 1322 Caletum
1004 1249 1167 1323 invadere
1184 1271 1384 1351 tentarant,
1411 1286 1492 1356 per.

198 1349 391 1421 duellionis
416 1350 466 1419 rei
493 1347 571 1416 sunt
589 1347 755 1416 damnati.
796 1348 946 1419 Derbius
964 1345 1106 1440 quidam
1127 1348 1319 1445 Ganningur
1336 1358 1490 1450 pariter,

199 1446 298 1538 quod
323 1443 500 1538 proditori
528 1442 667 1512 cuidam
688 1444 722 1511 in
741 1442 916 1512 Hibernia
933 1443 1015 1513 Firz
1033 1440 1185 1515 Giraldo
1202 1443 1378 1541 suppetias
1396 1454 1488 1526 tule-

195 1558 274 1626 rat,
307 1539 465 1634 ejusdem
493 1539 652 1608 criminis
676 1559 754 1608 reus
779 1537 1035 1630 peragebatur,
1071 1538 1194 1629 Atque
1212 1539 1265 1610 his
1281 1566 1489 1621 annumera-

196 1631 348 1723 bantur‚
382 1636 532 1721 Barnes,
567 1633 757 1703 Gerbardus
779 1635 815 1703 ἃ
834 1635 1100 1736 Hieronymus„
1120 1631 1290 1737 baereseos
1307 1642 1489 1731 convidi,

194 1779 224 1822 „
242 1726 335 1817 sive,
361 1729 413 1797 uti
433 1728 538 1797 verba
557 1728 686 1796 habent
705 1725 847 1814 statuti,
873 1723 1064 1796 detestandi
1083 1723 1266 1816 haeretici,
1291 1732 1352 1821 qui
1372 1734 1490 1825 plures

194 1846 375 1916 „errores
400 1845 442 1892 ac
469 1822 613 1892 haereses
640 1817 907 1914 propagassent,
933 1817 1192 1914 scripturasque
1210 1827 1425 1915 exponendo
1443 1829 1488 1939 ad

192 1917 460 2011 „stabiliendas
488 1916 631 1987 haereses
657 1912 730 1985 suas
758 1913 1023 2008 pervertissent,
1056 1937 1137 2012 quae
1165 1935 1236 1986 tam
1256 1916 1365 1992 essent
1382 1923 1488 1997 innu-

191 2064 220 2106 „
240 2036 371 2102 merae,
406 2032 446 2082 ut
475 2029 546 2082 tam
565 2011 666 2082 brevi
685 2012 852 2107 catalogo
870 2007 1037 2082 recenseri
1055 2033 1127 2080 non
1146 2008 1297 2105 poffint,
1321 2020 1426 2110 proin
1445 2022 1488 2093 ad

191 2156 221 2200 „
240 2130 369 2203 rogum
390 2106 445 2177 vel
465 2107 559 2178 aliud
577 2107 702 2177 mortis
720 2129 854 2201 genus,
871 2104 1490 2202 juxtaregisplacitumsubeundum

191 2253 221 2295 „
239 2202 319 2276 sunt
335 2203 504 2275 damnari.
515 2253 542 2293 „
577 2202 694 2275 Sed&
705 2201 1123 2291 AbelusFetherstonus&
1137 2200 1489 2286 EduardusPorrwel.

189 2302 264 2391 tus,
300 2300 349 2371 ob
376 2302 539 2468 agnitum
570 2297 755 2370 Pontificis
781 2298 939 2368 Romani
965 2299 1002 2367 ὅ(
1029 2318 1198 2391 negarurn
1224 2300 1337 2396 Regis
1357 2309 1488 2398 prima.

191 2413 295 2485 turn,
329 2397 371 2468 ad
415 2395 565 2492 upplicii
585 2396 706 2467 locum
728 2394 780 2464 his
799 2392 913 2464 tribus
931 2388 1227 2486 suerunrjundli,
1253 2417 1328 2489 prae
1357 2401 1490 2496 ostera,

190 2495 247 2563 uti
274 2496 397 2567 multis
422 2493 633 2582 videbatur,
666 2490 773 2562 animi
801 2489 821 2559 d
847 2489 999 2584 partium
1027 2486 1142 2559 studio
1167 2489 1308 2563 alienia
1339 2494 1489 2573 estatio·

192 2607 238 2657 ne
267 2590 346 2679 (b),
380 2613 464 2661 cum
493 2614 575 2661 vera
600 2608 717 2657 tamen
745 2587 836 2657 ratio
862 2608 935 2654 non
959 2583 1025 2653 alia
1042 2583 1147 2674 esset,
1172 2608 1276 2680 quarn
1295 2595 1392 2682 quod
1411 2619 1486 2667 eam

192 2677 259 2748 fibi
289 2684 373 2751 Rex
401 2703 456 2752 tot
483 2680 689 2752 succeffibus
708 2681 815 2748 fretus
833 2698 1013 2770 arrogaret
1031 2679 1300 2771 austoriratenr,
1325 2707 1365 2755 ut
1383 2692 1484 2780 quic·

193 2771 280 2862 quid
306 2775 362 2842 vel
390 2775 548 2844 crederet
575 2773 632 2842 vel
659 2772 755 2838 credi
774 2768 903 2859 vellet,
932 2772 966 2843 id
988 2773 1059 2844 line
1078 2777 1147 2845 ulla
1167 2775 1422 2867 disceptatione
1439 2783 1482 2854 ab

192 2856 272 2933 aliis
299 2866 410 2952 recipi
430 2885 536 2957 atque
556 2868 590 2930 in
610 2883 768 2929 normam
788 2859 871 2932 fidei
889 2867 1056 2939 constitui
1074 2867 1240 2957 deberet,
1266 2891 1346 2959 quae
1365 2876 1483 2966 perin.

192 2955 239 3027 de
264 2974 380 3025 tamen
407 2976 448 3023 ac
476 2955 583 3049 ipsius
611 2954 711 3047 Regi
736 2955 872 3028 animus
899 2959 935 3035 ὃς
962 2964 1131 3039 volubilis
1154 2960 1239 3037 effer
1264 2964 1354 3040 &jn
1374 2973 1485 3047 varia,

192 3068 311 3147 partes
330 3046 510 3123 versatilis.

233 3261 284 3336 (a)
308 3248 522 3319 annuet.
545 3251 602 3316 for.
617 3254 723 3335 isis.
1246 3173 1277 3248 5·
1297 3160 1486 3241 XCVnr,

233 3340 286 3415 (b)
311 3336 464 3399 Notabile
484 3335 545 3414 eil,
576 3339 663 3418 quod
688 3340 717 3402 in
743 3340 825 3406 Allis
849 3344 890 3417 ἐπ’
916 3346 1050 3411 Monim.
1072 3344 1210 3425 Martpr.
1236 3354 1371 3433 Anglice
1395 3357 1483 3421 editis

192 3418 327 3484 Vol.ll.
344 3418 474 3495 sol.445
504 3420 630 3497 legitur,
646 3438 824 3488 extraneum
842 3431 1019 3507 quendam,
1037 3430 1091 3506 qui
1109 3424 1167 3508 sup'
1187 3433 1245 3498 licii
1263 3437 1347 3498 illius
1366 3439 1483 3505 spesin-

191 3514 243 3565 ror
266 3512 346 3576 erat,
379 3498 420 3559 rei
445 3501 581 3563 novitate
599 3505 796 3583 perculsum,
820 3506 1024 3572 exclamasse:
1050 3506 1133 3569 Bone
1150 3453 1254 3594 dens,
1276 3521 1417 3604 quomodo
1434 3522 1483 3583 his

192 3586 308 3724 vivait
325 3578 524 3727 gengepkligc
552 3584 758 3728 aspenduntfrr
775 3587 924 3672 Papistae,
947 3590 1011 3684 illic
1027 3590 1246 3690 comburentur
1263 3600 1482 3685 Antipapistae!

192 3660 273 3810 tstiede
298 3680 366 3809 hd'd
382 3760 476 3824 atque
494 3664 921 3844 peregrldmwlrrrlsdedlladulddr
934 3675 1484 3833 ειιιῗῗὶᾞῐῐέηιᾞιειῖαἳῐᾞίῗὲυῖῧῗέωὶὲἀ

186 3824 338 3949 posterum
355 3846 406 3911 ego
422 3824 526 3913 Regrae
542 3831 697 3915 relrgroms
714 3856 783 3915 ero,
806 3832 859 3895 boc
877 3835 935 3916 est,
959 3835 1086 3907 nullust.
