3292 4462
215 350 266 414 aa
429 310 819 398 HISTORIA·
857 311 1531 416 EJVANGELIIAAM

216 456 286 548 pu's
311 449 568 540 Sylvanerlenfit
588 444 659 534 (a),
694 439 825 526 Stella,
862 436 900 511 &
928 438 1071 533 quidam
1095 442 1338 541 ex'praefed'tis
1355 448 1447 520 aulae
1465 473 1525 522 re·

217 548 303 644 giae.
347 545 425 620 Ubi
453 545 560 615 finem
578 541 666 614 fecit
678 534 826 608 dicendi
846 534 1034 632 Clericus,
1062 542 1204 617 Parvus
1220 543 1275 632 (b)
1302 546 1419 635 dixit,
1447 547 1524 623 lec·

218 663 297 716 tum
318 643 339 714 i
357 642 389 715 se
407 643 562 731 librum,
589 638 678 710 nihil
695 633 729 707 se
746 633 897 729 dignum
917 633 1024 708 litura
1042 641 1276 736 competille,
1303 642 1367 716 nili
1387 642 1526 722 oblitus

218 739 304 813 effes
322 738 392 812 suae
411 739 652 834 Theologiae:
682 734 840 806 Demum
861 730 1080 829 postulavit,
1098 756 1139 810 ut
1156 738 1320 813 ederetur
1337 741 1525 820 decretum

219 858 292 936 quo
320 839 418 934 Regi
444 835 639 910 satisfieret.
682 833 808 925 Copus
828 828 967 902 Rettor
984 836 1236 925 pronunciavit
1255 839 1307 930 (c)
1333 890 1362 933 „
1382 841 1524 916 Acade·

218 942 247 1029 '„
273 937 380 1008 miam
407 960 479 1006 non
497 926 696 1030 'agnoscere
722 927 915 1000 Censutam
945 929 1074 1035 illam,
1101 934 1214 1027 qualis
1241 936 1354 1034 qualis
1381 935 1523 1040 fuillet,

218 1084 247 1128 ‚,
273 1058 346 1130 quo
374 1033 515 1104 libellus
540 1028 693 1103 cenfitus
711 1024 795 1098 elset
816 1027 850 1095 in
870 1024 968 1096 libris
984 1047 1044 1098 aut
1063 1027 1236 1105 damnatis
1253 1054 1314 1107 aut
1332 1033 1526 1137 suspeetis,

217 1156 248 1227 „⁴
272 1155 345 1205 uon
373 1133 524 1226 probate
550 1148 664 1219 neque
691 1125 727 1194 in
752 1125 785 1194 le
810 1122 992 1217 recipere,
1017 1125 1181 1198 viderent
1199 1133 1260 1225 qui
1281 1131 1317 1202 id
1336 1131 1527 1234 fecissent„

217 1281 245 1324 „
271 1254 340 1328 qua
358 1231 496 1302 ratione
513 1223 546 1297 se
562 1220 738 1295 defensuri
757 1218 926 1310 ellent„,
953 1240 1089 1313 paratas
1107 1220 1185 1296 fore
1202 1226 1238 1296 in
1255 1245 1418 1323 ternpore
1437 1232 1523 1309 lite·

217 1352 272 1402 ras
299 1326 428 1422 quibus
456 1322 489 1396 le
517 1319 709 1392 Academia
734 1317 832 1414 Regi
858 1315 1062 1410 excusaret,
1096 1342 1219 1419 ageret
1239 1324 1351 1401 etiam
1366 1332 1523 1428 gratias,

218 1425 316 1524 quod
337 1445 410 1494 tam
430 1420 584 1516 benigne
603 1439 753 1514 paterno
771 1440 873 1489 more
890 1416 1146 1514 compellallet.

223 1560 226 1582 ι
264 1518 483 1606 §.XXXIL
504 1515 1522 1611 Estautemnonitamultopostfaiium,utlilicrlausille

217 1622 322 1713 Caput
332 1642 376 1690 ex
388 1642 489 1690 more
498 1640 645 1712 recepto
655 1616 697 1686 ad
710 1614 792 1686 Kal.
803 1613 1045 1705 Novembris,
1056 1640 1129 1713 quo
1139 1615 1443 1696 dieapomificiis
1454 1627 1522 1700 Pa·
1539 1693 1544 1702 .

215 1718 321 1815 nagia
332 1716 578 1803 celebrantur,
598 1712 742 1784 haberet
754 1712 967 1784 Orationem
978 1744 991 1799 t
1003 1713 1153 1786 Hancei
1162 1712 1375 1813 suggerebat
1383 1720 1523 1813 Johart·

215 1839 272 1889 rtet
289 1818 477 1903 Calvinus,
497 1836 570 1909 quo
589 1835 671 1885 cum
691 1806 757 1904 ipfi
777 1807 855 1880 usus
874 1831 947 1882 erat
965 1834 1006 1882 ac
1016 1809 1255 1905 familiaritas,
1274 1814 1407 1912 quique
1415 1819 1523 1919 eopse

215 1931 403 2005 tempore,
440 1930 588 2005 propter
615 1908 769 2003 parentis
796 1905 937 1978 obitum
967 1909 1153 1981 Lutetiam
1180 1909 1214 1982 le
1240 1934 1446 2011 receperats
1475 1919 1521 1994 ln

215 2032 258 2083 ea
277 2008 331 2101 (d)
364 2010 487 2103 purius
505 2010 542 2082 &
561 2009 718 2103 apertius
735 2027 842 2101 quam
860 2022 962 2076 antea
979 2005 1259 2101 consuevillent,
1284 2007 1329 2081 de
1347 2014 1520 2112 Religio·

215 2129 262 2178 ne
279 2103 529 2178 differebatur:
552 2104 639 2177 Hoc
658 2099 746 2177 verb
764 2125 848 2175 cum
867 2101 1056 2200 Theologi
1075 2102 1166 2178 lette
1183 2128 1257 2178 non
1271 2105 1434 2204 pollent,
1450 2135 1521 2187 nec

215 2203 385 2303 probaret
404 2204 575 2295 Senatus,
610 2224 716 2298 quem
736 2199 999 2272 Parlamentum
1018 2221 1175 2294 vocant,
1202 2203 1335 2278 citatus
1349 2205 1401 2280 est
1418 2210 1519 2285 Rec.

216 2320 300 2390 tor3
322 2303 357 2374 lr
375 2320 495 2374 autem
514 2323 598 2375 cum
617 2299 708 2372 nihil
726 2297 812 2372 mali
828 2293 1084 2390 suspicaretur,
1103 2297 1136 2371 se
1154 2298 1303 2372 inviam
1320 2303 1524 2404 darentque

214 2397 522 2500 praesentiffimum
550 2399 731 2471 incurrere
760 2394 983 2491 periculum,
1017 2393 1082 2466 nifi
1108 2395 1152 2469 ab
1178 2397 1300 2471 amicis
1326 2402 1363 2473 in
1390 2405 1520 2481 itinere

214 2497 336 2574 fuiffet
352 2498 577 2589 admonitus,
603 2498 689 2614 qui,
710 2494 797 2589 quid
816 2494 853 2565 in
872 2492 987 2590 ipsum
1007 2492 1221 2569 molirentur
1237 2494 1445 2596 adversarii,
1463 2504 1521 2578 in·

214 2598 408 2685 dicabant;
426 2599 528 2671 Tum
549 2619 638 2669 vero
657 2596 685 2667 is
703 2592 851 2665 domum
872 2589 1050 2682 reversus,
1068 2615 1114 2663 ex
1133 2592 1214 2689 ipso
1232 2594 1324 2668 haud
1341 2598 1391 2672 ita
1401 2603 1522 2675 multo

214 2695 297 2806 post
324 2698 459 2789 Regno
485 2694 659 2765 excedens
688 2689 859 2760 Bafileam
878 2687 912 2759 se
930 2688 1100 2760 contulit.
1149 2692 1252 2762 ltum
1266 2715 1351 2764 vero
1367 2696 1419 2766 est
1438 2716 1521 2767 tutu

215 2812 255 2866 rn
273 2787 532 2881 Gymnasium,
561 2784 658 2880 quod
677 2783 708 2854 F
710 2802 886 2855 ortretum
904 2803 1059 2875 vocant,
1084 2785 1148 2857 ubi
1166 2790 1332 2860 Calvinus
1349 2786 1413 2860 fibi
1432 2790 1515 2863 Do·

216 2885 393 2960 micilium
420 2883 623 2977 delegerat,
658 2901 731 2973 quo
757 2879 852 2951 forte
876 2877 1074 2953 dominon
1098 2903 1262 2977 reperto,
1291 2883 1520 2979 deprehenfis

216 2982 310 3056 inter
326 2977 469 3053 schedas
487 2978 610 3050 multis
628 2978 826 3049 amicorum
846 2975 978 3068 literis,
1001 2979 1051 3049 nil
1071 2983 1217 3076 propius
1235 2976 1391 3077 fautum,
1408 3008 1517 3083 quam

215 3099 259 3155 ut
283 3078 430 3179 plurimi
457 3078 493 3151 in
521 3075 720 3150 maximum
744 3074 832 3147 vitae
858 3072 1046 3149 discrimen
1072 3082 1294 3154 incurrerent
1303 3111 1318 3168 t
1354 3082 1413 3157 Ita
1437 3104 1520 3160 tum

1420 3204 1522 3260 erant

256 3303 307 3382 (a)
331 3302 362 3366 Is
377 3315 440 3365 erat
456 3296 631 3363 Gulielmur
647 3294 819 3378 PARVl,
850 3296 954 3362 iridem
971 3296 1175 3366 Sorbonenlis
1193 3300 1323 3370 Dodior
1340 3306 1370 3370 dt
1388 3305 1520 3389 Episco-

215 3406 270 3470 pus
296 3383 566 3465 Sylvaneiiensts,
597 3381 693 3464 Regis
719 3403 756 3448 ue
772 3381 928 3446 Francisci
946 3382 1233 3451 Confelsronarius:
1257 3388 1296 3452 de
1313 3409 1377 3470 quo
1393 3389 1520 3457 BEZA

215 3467 345 3552 inHill.
363 3465 485 3532 Eccles.
505 3486 534 3547 p.
546 3481 595 3546 13·
627 3465 706 3527 Guil
736 3488 806 3526 uma
821 3465 986 3548 PARVl,
1010 3469 1141 3536 doeieur
1159 3472 1198 3535 de
1215 3469 1401 3552 sorbonne,
1417 3471 1520 3540 lives-

217 3573 279 3638 que
296 3551 335 3614 de
353 3549 474 3630 Senfis,
507 3549 537 3612 &
556 3547 729 3612 conferrem
746 3549 788 3612 du
806 3549 902 3633 Roy3
926 3554 1031 3633 lequel
1049 3575 1129 3637 pout
1146 3559 1178 3620 la
1192 3554 1349 3637 (loquitur
1366 3555 1405 3619 de
1423 3555 1521 3641 Regi-

215 3638 272 3717 na)
297 3633 448 3719 grando,
481 3632 510 3696 ἃ
535 3652 600 3694 non
616 3650 696 3713 pout
712 3652 784 3715 vray
803 3639 891 3719 zele,
914 3636 995 3719 qu’il
1013 3655 1067 3720 eut
1084 3638 1102 3703 l
1120 3644 1150 3704 la
1164 3637 1320 3724 religion,
1341 3637 1396 3707 feit
1412 3640 1519 3729 impri-

216 3741 286 3788 met
304 3723 347 3782 les
365 3718 472 3780 heures
490 3737 528 3778 en
548 3715 696 3779 Franeois
713 3715 774 3779 &e

257 3804 310 3885 (b)
336 3801 425 3865 ldem
442 3801 508 3863 scil.
527 3799 599 3878 ille,
674 3799 794 3884 iscopus
812 3799 1075 3882 Sylvaneeiensrs.
1184 3837 1193 3856 2

230 3948 232 3955 ,
258 3889 313 3967 (e)⁸
334 3882 381 3959 Ea
396 3884 504 3948 omnia
520 3882 588 3946 sunt
602 3821 812 3953 CKLVlNl
831 3888 924 3952 verba
939 3885 1126 3972 qupillola
1141 3891 1246 3957 citata.

257 3971 312 4058 (d)
334 3965 461 4043 BEZA
478 3965 545 4037 Vit.
561 3964 737 4054 Calviuip.
754 3966 829 4051 367,
1297 3975 1300 3983 ·
