3322 4456
130 246 160 288 ·’
200 298 246 372 ,ο
393 270 780 352 Histontn
824 266 1269 367 nvnucnttt
1324 279 1506 366 octium.

199 403 389 494 Erasmus,
424 405 512 477 urbe
538 400 672 500 ejectus
701 401 871 474 Mentem
892 401 1088 504 Belligttdi
1106 407 1238 506 (vulgo
1258 411 1505 510 Mompelgaerd)

197 502 286 575 adiit
297 554 323 591 ‚‚
345 501 467 596 ibique
486 501 535 595 (a)
571 500 667 594 quod
696 498 846 571 Ulricut
871 500 961 574 Dux
983 503 1362 604 wurtembergensis,
1389 511 1447 581 cui
1466 534 1507 584 eu

198 599 365 695 parebat,
399 599 631 696 Evangelicae
651 593 826 670 doctrina
845 594 1000 690 faveret,
1026 601 1138 674 renati
1159 601 1349 702 Evangelii
1369 605 1507 680 causam

200 696 321 768 babita
339 696 537 787 concione,
573 702 610 773 bc
631 694 792 768 instituta
811 718 895 768 cum
915 698 1088 797 Francisco
1108 701 1274 776 Minicio
1293 697 1506 799 disputatio·

198 814 267 886 ne,
286 796 492 888 promovit,
513 796 551 870 δι
569 795 669 867 omni
689 790 800 865 modo
819 794 946 867 utilem
965 797 1127 871 ecclesiae
1147 800 1316 895 praestitit
1336 822 1505 897 operam

200 889 244 963 ln
271 892 360 964 locis
386 911 504 966 autem
532 893 683 980 vicinis,
718 886 906 983 tractuque
927 907 1010 965 toto
1030 896 1267 994 Burgundico
1288 898 1343 992 (b)
1368 895 1508 971 doetri-

198 1008 281 1060 n'am
309 988 330 1060 a
357 987 477 1063 scoriis
495 987 700 1061 Pontificiis
720 1007 947 1083 repurgatam
967 991 1188 1087 inculcavit,
1214 1017 1314 1070 tanta
1331 1017 1415 1068 curn
1435 997 1511 1069 uni·

198 1087 253 1160 nti
272 1090 528 1178 contentione,
561 1104 737 1177 tantoque
756 1103 839 1153 cum
859 1082 985 1153 ardore
1005 1089 1083 1177 (c),
1115 1109 1156 1159 ut
1173 1113 1257 1163 eum
1277 1095 1450 1167 divinitus
1468 1093 1512 1167 ad

86 1188 89 1193 ’
201 1184 276 1258 boc
302 1210 431 1259 munus
459 1183 657 1259 excitatum
687 1200 724 1249 re
751 1176 824 1271 ipsa
851 1177 1172 1270 commonstraret,
1207 1186 1294 1257 licet
1321 1210 1394 1259 non
1412 1191 1513 1263 dees·

202 1281 278 1357 sent
300 1284 377 1374 (d),
413 1282 473 1376 qui
493 1275 769 1348 moderatiorem
791 1274 827 1344 in
845 1297 889 1345 eo
908 1274 1071 1369 spiritum
1091 1275 1361 1366 desiderassent3

251 1378 442 1472 Quidquid
464 1374 529 1463 stt,
556 1369 737 1444 universus
755 1370 815 1443 ille
833 1369 967 1445 trabius
985 1371 1253 1469 Laafltnnensts,
1272 1377 1514 1474 Aquilejensts,

204 1478 452 1566 Nammeius,
472 1472 713 1563 Muraltenfis‚
734 1469 769 1541 in
781 1468 917 1543 Gallici
933 1468 1115 1545 idiomatis
1126 1471 1321 1566 Helvetia,
1339 1476 1439 1573 quod
1450 1497 1515 1572 per

182 1600 183 1604 ¹
204 1570 321 1668 ipsum
342 1576 391 1661 (e)
427 1569 526 1643 annis
555 1569 720 1662 proxime
738 1566 1004 1664 insequentibus
1023 1566 1068 1640 lit
1086 1568 1321 1664 reformatus,
1350 1573 1516 1666 constat,

205 1668 341 1763 quippe
368 1690 449 1740 curn
480 1667 517 1741 bt
545 1669 702 1757 Bernmst
728 1663 963 1759 disputationi
992 1665 1038 1738 A,
1054 1666 1159 1761 1528.
1186 1669 1319 1740 habitae
1339 1669 1513 1742 interfue-

206 1765 278 1856 rit,
300 1767 336 1840 &
359 1764 569 1861 singularem
590 1763 711 1860 lingua
722 1762 865 1835 Gallica
884 1781 962 1835 tum
982 1760 1176 1837 instituerit
1185 1766 1419 1840 collationem
1430 1788 1516 1840 curn

207 1861 356 1936 dobiore
374 1860 528 1958 quodam
552 1858 782 1949 S‘orbonista,
802 1862 864 1956 qui
883 1858 1095 1933 Pontificius
1113 1863 1149 1934 in
1167 1860 1201 1935 se
1221 1883 1336 1958 partes
1355 1863 1516 1962 suscepe-

208 1981 286 2047 rat;
323 1960 422 2032 Nam
446 1958 483 2032 &
503 1957 682 2031 Farellum
702 1957 861 2030 nostrum
877 1955 1011 2053 junctis
1028 1981 1114 2031 cum
1135 1958 1266 2035 Vircto
1285 1962 1422 2035 viribus
1441 1964 1518 2037 Ec·

207 2056 350 2133 cleliam
387 2056 603 2152 Geneuensem
629 2054 846 2148 instituisse,
883 2053 964 2128 satis
990 2053 1041 2128 est
1069 2076 1232 2146 notum,
1264 2079 1373 2157 atque
1398 2059 1435 2131 id
1459 2060 1519 2133 sua

208 2154 376 2252 deinceps
403 2150 618 2227 auetoritate
631 2149 811 2245 effecisse,
839 2172 880 2226 ut
895 2150 1019 2226 eudem
1041 2153 1076 2225 in
1094 2156 1184 2230 urbe
1202 2157 1377 2254 Johannes
1395 2160 1520 2232 Calvi·
1568 2209 1572 2216 -

208 2277 271 2328 uus
293 2251 483 2349 aliquando
502 2250 692 2350 susciperet
711 2249 884 2325 Ecclesrae
903 2249 1147 2348 gubernandae
1166 2255 1205 2331 bt
1225 2255 1391 2354 regendae
1412 2255 1521 2328 mini·

210 2351 377 2443 sterium,
408 2349 515 2448 seque
542 2371 620 2425 tum
646 2349 820 2424 Ecclesiae
840 2368 916 2423 tum
935 2347 1070 2424 scholae
1090 2349 1296 2426 Genevensi
1313 2354 1520 2445 addiceret,

210 2450 347 2551 quippe
372 2456 430 2552 qui
453 2476 517 2526 nun
537 2451 683 2526 audebat
701 2457 800 2550 (quae
818 2448 965 2532 Caluini
983 2448 1064 2524 sunt
1083 2451 1206 2543 verba)
1224 2455 1272 2527 ad
1287 2455 1520 2622 Farellittoni·

1437 2571 1525 2642 rua,

254 2679 303 2756 (a)
329 2670 473 2741 FRsCK
492 2677 523 2738 in
541 2676 750 2740 Secltendnrf.
771 2671 924 2735 German.
942 2692 972 2750 p.
990 2673 1064 2749 663.
1082 2670 1157 2744 664.

255 2761 307 2837 (b)
340 2756 437 2820 Certe
472 2754 706 2817 ERASMUS
734 2753 851 2814 Farelli
874 2749 1017 2813 inimicus
1043 2749 1083 2810 ita
1105 2746 1224 2813 Basilea
1247 2751 1279 2813 d.
1303 2765 1335 2825 4.
1361 2744 1521 2826 Septemb.

215 2854 308 2918 1524.
334 2884 356 2914 „
371 2840 448 2900 inter
463 2836 523 2898 alia
539 2835 698 2898 scribebat.
733 2828 845 2895 Fadio
859 2831 968 2894 crescit
983 2830 1081 2893 indies
1100 2829 1211 2908 latius,
1237 2841 1404 2912 propagata
1418 2828 1450 2892 in
1466 2828 1523 2891 Sa·

211 2960 235 3007 3,
256 2920 419 2999 indiam,
452 2916 709 3000 Lotharingiani‚
739 2911 923 2989 Frontianis,
954 2926 1050 2994 atque
1065 2909 1159 2974 etiam
1175 2911 1403 2974 Mediolanum.
1447 2910 1530 2978 Tu·

214 3053 238 3090 ‚‚
260 3006 434 3071 multuatut
451 3001 481 3066 ἃ
500 2998 687 3082 Burgundii
703 2994 791 3060 nobis
808 2995 967 3075 proxima,
993 3017 1046 3078 per
1064 2992 1245 3062 Pballicum
1262 2997 1424 3081 quendam
1441 2995 1523 3063 Gal·

215 3136 239 3172 „
263 3090 352 3167 lum,
376 3085 430 3170 qui
448 3082 465 3149 ὲ
485 3083 592 3149 Gallia
628 3080 779 3163 rnfugus,
803 3077 864 3141 huc
882 3077 913 3141 se
931 3080 1088 3158 contulit3
1106 3126 1129 3161 „

258 3174 308 3255 (c)
334 3169 396 3234 vid.
415 3162 584 3234 ¹SCULT
618 3161 663 3229 T.
688 3164 717 3226 in
737 3160 856 3225 Annat.
874 3163 896 3225 l.
914 3182 943 3226 c.
990 3183 1090 3244 .225.
1114 3160 1221 3248 &Ep
1241 3165 1387 3250 Zwingl.
1404 3164 1434 3230 ἀ
1452 3162 1521 3229 Oe·

216 3262 355 3341 colamp.
383 3253 489 3319 multis
514 3253 542 3316 in
562 3250 649 3314 locis.
694 3245 793 3312 Cous.
813 3242 938 3308 SPAN
979 3245 1062 3314 EM..
1081 3248 1171 3313 Pater
1188 3251 1219 3314 in
1237 3250 1371 3314 Geneva
1386 3248 1522 3315 restituta

100 3358 105 3367 ·
217 3367 246 3427 p.
264 3361 315 3423 40.
340 3360 390 3420 41.
410 3339 490 3422 apud
509 3335 641 3400 Baelium
659 3335 689 3398 in
707 3329 890 3397 diuionario
905 3352 935 3415 p.
953 3349 1027 3416 443.
1038 3337 1067 3400 b.
1101 3331 1171 3399 Ubi
1189 3334 1282 3399 fimus
1301 3333 1423 3400 Erasmi
1439 3334 1522 3397 vitu·

218 3433 300 3492 lenta
317 3425 490 3489 reseruntur
509 3422 537 3484 in
558 3420 583 3484 F
586 3421 722 3482 arelium
740 3410 874 3480 diderit.

259 3511 311 3589 (d)
337 3505 605 3588 Oecolampadius
623 3503 684 3585 ipse
701 3501 740 3564 ad
756 3499 958 3567 inhibendum
975 3499 1043 3581 ejus
1059 3499 1222 3566 fervorem
1239 3500 1279 3564 ita
1295 3501 1417 3566 adeum
1428 3500 1459 3564 d.
1473 3519 1521 3582 19.

218 3592 355 3673 August.
376 3590 642 3674 Evangelizutum
658 3607 716 3649 non
733 3584 928 3650 malediditrm
946 3583 1050 3669 mifftrs
1067 3606 1117 3664 es,
1134 3583 1224 3647 laudo
1242 3583 1367 3664 zelum,
1386 3585 1469 3647 modo
1487 3609 1525 3648 ne

219 3675 404 3753 defideretur
430 3671 637 3754 mansuetudo.
681 3670 798 3737 Vinum
828 3669 868 3744 &
895 3669 992 3734 oleum
1017 3669 1051 3731 in
1075 3683 1207 3756 tempore
1216 3669 1273 3749 suo
1290 3669 1527 3749 infundendum.

219 3744 471 3842 Evangelistmn,
492 3778 553 3818 nnn
568 3757 765 3842 tyrannicam
776 3753 981 3839 legislatorem
990 3753 1128 3900 qpnaestes.

261 3846 311 3924 (e)
337 3839 583 3907 stannum.
604 3844 625 3902 ι.
644 3861 673 3905 e.
706 3861 735 3921 p.
751 3857 803 3920 41.
821 3857 873 3920 42.
913 3837 1012 3903 eon.
1038 3837 1121 3920 rust.
1147 3838 1236 3921 nostr.
1256 3835 1394 3919 Reform.
1415 3800 1461 3903 τ’.
1480 3839 1523 3904 tt.

220 3951 250 4013 p.
270 3943 341 4010 322.
367 3921 641 3992 &Rucnnb
658 3922 777 3989 Histoi.
793 3921 943 3990 Reform.
962 3920 1093 3987 Helvet.
1111 3918 1216 3988 Tom.
1233 3921 1277 3988 11.
1300 3944 1332 4010 p.
1351 3937 1424 4004 203.
