3322 4456
154 359 317 451 A.t542.
435 397 436 402 =
485 351 525 426 tt
574 351 608 424 E
657 349 698 423 N
748 351 785 422 O
823 348 874 422 ·V
926 351 956 422 A
1006 349 1044 423 T
1092 350 1123 423 t.
1385 366 1450 450 3¹3

153 476 326 573 Insuper,
360 492 401 546 ut
429 473 464 542 in
492 468 729 542 concionibus
756 468 952 541 abstineant
979 478 999 538 a
1025 468 1215 560 convitiis,
1249 465 1305 539 sed
1331 469 1450 543 animo

152 575 343 668 tranquillo
369 572 403 640 δε
425 591 506 639 eum
529 566 738 660 prudentia,
767 566 940 637 virtutum
961 565 1231 656 excellentiam,
1258 565 1449 637 vitiorum·

153 695 220 765 que
239 671 440 742 foeditatem
462 662 682 733 auditoribus
702 664 749 732 ob
768 663 892 732 oculos
912 681 1068 754 ponant,
1098 683 1218 754 preces
1237 660 1358 734 itidem
1371 666 1449 758 ejus

152 770 222 838 diei
251 767 345 860 plebi
372 760 575 853 explicent,
611 780 682 849 quo
702 757 821 828 cuncti
841 752 1055 830 unanimiter
1068 759 1114 826 ad
1135 758 1252 828 Deum
1273 757 1422 831 fundant
1430 791 1446 847 3

151 862 251 931 usum
275 863 358 951 quin
378 859 482 927 etiam
499 856 834 943 sacramentorum,
862 879 936 946 prae
955 854 1082 925 ceteris
1104 851 1189 924 verb
1210 852 1350 943 Missae,
1379 881 1445 948 po·

152 959 239 1050 pulo
258 975 441 1045 enarrent,
468 954 585 1044 itaque
605 950 624 1020 a
645 949 769 1021 sabulis
789 953 824 1023 bt
846 950 1026 1042 figmentis
1045 946 1165 1020 sedulo
1178 970 1348 1041 caveant,
1368 973 1443 1023 tan·

151 1056 231 1123 dem
253 1052 442 1138 concioni,
468 1048 567 1118 brevi
588 1049 697 1118 totius
716 1046 918 1119 substantiae
936 1047 1184 1136 reiteratione,
1203 1043 1309 1118 finem
1327 1049 1445 1141 impo-

151 1171 249 1221 nant.

199 1242 351 1316 XVlll.
378 1241 431 1314 Ut
459 1239 575 1310 nullus
595 1239 683 1312 infra
700 1239 850 1334 gradum
871 1236 1041 1334 Episcopi
1061 1237 1275 1310 constitutus
1294 1237 1335 1310 ad
1356 1263 1445 1311 con·

151 1338 364 1415 ciorrartdum
393 1340 621 1428 admittatur,
654 1343 715 1433 qui
735 1339 871 1409 veniam
891 1338 947 1409 vel
966 1337 986 1407 ai
1005 1341 1109 1430 Rege
1128 1336 1185 1408 vel
1202 1335 1246 1407 ab
1265 1335 1443 1408 ordinario

149 1440 212 1510 suo
231 1462 301 1509 non
321 1433 550 1530 impetrasset.

64 1527 66 1533 ’
197 1548 228 1620 §.
248 1535 356 1607 Clll.
384 1533 481 1603 Dum
511 1532 589 1602 haec
614 1551 808 1627 geruntur,
843 1529 905 1603 sub
927 1531 1007 1600 anni
1027 1527 1281 1623 quadragesimi
1300 1528 1443 1603 secundi

149 1631 257 1704 finem
286 1630 416 1702 bellum
436 1631 528 1700 inter
548 1632 684 1725 Anglos
705 1631 740 1701 &
762 1629 911 1719 Scotos,
939 1628 1129 1724 impulsore
1147 1627 1345 1700 Galliarum
1365 1630 1444 1701 Re·
1464 1711 1466 1714 ,

147 1752 215 1826 ge,
249 1730 432 1814 exoritur,
467 1727 622 1819 inquo,
658 1749 739 1795 cum
761 1726 861 1796 Seoti
880 1727 915 1796 in
934 1725 1057 1820 fugam
1075 1721 1181 1796 essent
1202 1723 1292 1814 asli,
1329 1725 1442 1817 pluri·

147 1828 268 1921 mique
287 1825 429 1911 Duces,
457 1823 619 1894 Comites
636 1847 675 1892 ac
698 1822 852 1893 Nobiles
872 1824 997 1912 Senti,
1018 1824 1053 1893 in
1072 1822 1317 1918 captivitatem
1334 1823 1444 1892 duce·

145 1945 289 2011 rentur,
309 1926 392 1995 Rex
413 1922 547 1993 Scotiae
565 1944 715 1991 maerore
732 1919 916 1991 confectus
933 1918 1007 1991 fato
1025 1916 1215 2011 concessit,
1234 1915 1355 1990 relisla
1371 1919 1446 1990 filia

147 2018 310 2106 haerede,
337 2039 417 2088 ante
435 2016 600 2088 octavum
620 2017 712 2087 diem
732 2037 822 2087 nata.
867 2018 965 2088 Inter
985 2015 1140 2088 Nobiles
1159 2036 1300 2105 autem,
1328 2017 1445 2110 quiin

147 2116 318 2206 Angliam
344 2112 464 2183 exules
486 2114 543 2183 vel
562 2114 696 2206 captivi
715 2111 1003 2204 deducebantur,
1038 2118 1238 2207 prosperam
1267 2136 1341 2208 pra:
1361 2114 1445 2187 reli·

148 2209 227 2299 quis
244 2207 294 2275 est
313 2205 432 2274 nasius
449 2205 600 2295 sortem,
619 2209 751 2277 Comes
762 2207 913 2296 Caffellis
926 2211 999 2295 (al,
1018 2232 1123 2301 quem
1136 2209 1326 2280 Lambetlri
1339 2234 1443 2281 com·

146 2322 344 2373 morantem
373 2299 585 2371 Cranmerus
612 2323 743 2394 magno
766 2300 883 2370 studio
901 2325 942 2372 ac
961 2301 1057 2372 felici
1076 2303 1230 2376 successu
1252 2304 1271 2376 ἐ
1290 2307 1444 2379 tenebris

146 2399 300 2495 Papatus
318 2398 473 2492 eripuit,
492 2415 534 2467 ut
552 2393 697 2490 insignis
712 2397 940 2489 pollmodum
957 2398 992 2468 in
1005 2397 1355 2471 SCOTIAevaserit
1367 2403 1444 2472 tte-

146 2493 334 2567 fotmator.
368 2492 440 2567 Sed
467 2493 503 2566 bt
524 2495 614 2564 inter
632 2514 768 2564 ceteros
786 2516 905 2585 erant,
940 2496 1062 2590 quide
1082 2495 1363 2568 Reformationis
1381 2491 1443 2569 ire·

143 2592 251 2689 gotio
268 2590 514 2686 dosirinaeque
531 2590 687 2688 puritate
705 2589 907 2683 informati,
930 2591 989 2662 illa
1007 2593 1146 2664 notitiae
1165 2591 1320 2664 salutaris
1338 2591 1442 2664 semi·

144 2712 189 2760 na
205 2687 321 2760 secum
341 2689 377 2759 in
395 2690 543 2783 patriam
561 2691 781 2778 retulerunt,
799 2689 890 2760 unde
907 2687 1112 2782 amplissima
1129 2691 1209 2760 dein
1228 2711 1354 2762 exorta
1373 2689 1443 2764 fuit

142 2785 334 2881 Evangelii
353 2785 475 2859 meffis.
501 2783 612 2857 Certe
630 2810 703 2858 non
721 2786 886 2875 deerant,
905 2789 966 2881 qui
986 2810 1067 2858 curn
1088 2789 1123 2857 in
1144 2788 1301 2859 Scotiam
1322 2783 1442 2860 denub
1555 2864 1558 2870 ,

144 2883 347 2957 revertendi
367 2885 506 2954 veniam
526 2883 764 2979 accepissent,
790 2881 939 2974 diserte,
967 2881 1031 2954 sibi
1051 2884 1203 2957 Cultum
1227 2885 1296 2957 Dei
1316 2886 1350 2957 in
1367 2887 1442 2960 An·

104 3031 105 3034 =
143 2982 218 3080 glia
237 2980 519 3077 praestantiorem
540 2979 649 3075 longe
664 2981 777 3054 videri
791 3004 895 3078 quam
912 2982 1035 3076 patriae
1052 2982 1144 3073 suae,
1166 2982 1442 3078 profitebantur.

191 3078 346 3168 Jacobus
370 3102 512 3172 quoquc
532 3077 800 3169 Hamiltonius,
829 3079 971 3149 Araniae
991 3081 1144 3166 Comes,
1171 3105 1254 3152 cum
1278 3085 1441 3178 A.1543.

145 3172 281 3245 Scotiae
308 3176 485 3246 Pro-Rex
513 3173 774 3265 declararetur,
801 3174 941 3246 felicem
963 3177 996 3245 id
1017 3178 1228 3269 portendere
1248 3174 1440 3250 Reforma-

145 3269 251 3340 tionis
278 3268 471 3342 saccellum
501 3291 664 3363 poterat3
693 3271 727 3340 Is
744 3272 862 3359 enim,
889 3274 942 3343 uti
962 3271 1087 3342 sallum
1108 3272 1328 3345 sacerdotum
1350 3272 1442 3349 ferre

142 3389 216 3438 non
235 3388 397 3461 poterat,
425 3369 474 3441 ita
492 3367 631 3440 libellos
646 3366 700 3456 (b)
720 3368 763 3437 de
782 3367 964 3461 religionis
982 3371 1233 3443 controversiis
1253 3375 1288 3446 8(
1310 3370 1442 3445 restau-

142 3485 218 3537 rata
246 3464 406 3538 Ecclesia
434 3466 587 3538 libenter
605 3462 808 3551 leslitabat,
833 3466 921 3534 adeo
940 3485 977 3536 ur
1000 3466 1183 3540 Pontificii
1203 3494 1306 3566 quam
1328 3472 1442 3564 pluri·

142 3563 214 3649 mi,
236 3562 307 3652 jam
329 3582 483 3654 receptae
502 3562 686 3658 religionis
705 3561 940 3634 mutationem
961 3564 997 3635 be
1019 3562 1119 3636 simul
1139 3567 1274 3641 Gallici
1294 3566 1442 3644 foedetis

140 3654 352 3728 solutionem
388 3658 491 3750 plane
527 3658 785 3750 formidarent,
829 3660 955 3756 reliqui
984 3682 1102 3751 autem
1129 3666 1223 3760 spem
1251 3668 1441 3741 meliorum

752 3759 828 3831 Rr
1349 3784 1440 3837 tem·

181 3877 232 3958 (a)
254 3874 471 3945 BURNET.
495 3881 634 3964 totns.

162 3963 232 4044 ra)
256 3959 552 4037 BUCHANAN.
575 3966 649 4039 Lib.
667 3968 751 4041 xv.
772 3972 804 4056 t.
821 3972 881 4042 111.
905 3961 1023 4060 p.516.
1044 3992 1116 4057 511.
