3322 4456
762 287 898 383 (ιιι)

176 416 355 499 &larem
380 414 419 495 k
444 436 598 493 meror
623 414 833 492 Germania:
859 416 1043 515 principes
1067 420 1337 500 virulenriffima
1362 428 1490 528 lingua

175 517 353 635 perfudit.
392 517 502 615 Quor
524 539 650 589 omnes
674 519 712 588 in
732 516 811 614 ejus
835 513 945 611 iplius
962 519 1078 590 libelli
1093 519 1347 620 frontispicio,
1381 550 1492 622 quem

176 638 217 691 rn
240 638 364 689 mcum
385 638 517 688 nomen
533 618 721 705 evomuit,
754 610 892 707 probro
906 617 1263 692 contumeliosrffimo
1281 622 1494 717 proscindit.

181 712 435 805 Wrrrurim,
459 712 603 807 inquit,
628 707 798 805 ingrcliur
815 709 917 800 sum,
932 714 1039 783 eriam
1058 736 1143 785 cnm
1159 715 1285 789 scirem
1302 722 1392 792 mihi
1411 724 1495 792 rio·

182 810 291 885 latam
318 808 388 884 else
411 836 433 882 a
457 808 599 883 Celare
625 806 732 878 finem
752 806 958 901 publicam,
992 832 1072 881 nam
1089 812 1296 887 didicerunt
1313 820 1498 914 principes

183 906 417 1000 Germania,
434 908 522 979 olim
541 908 585 978 de
603 903 677 976 lide
696 900 940 977 laudatiffimae
956 910 1099 1001 gentis,
1116 934 1214 983 nunc
1231 914 1268 983 in
1282 914 1499 1010 obsequium

183 1006 275 1081 irloii
301 1006 486 1096 Romani,
520 1003 611 1074 nibil
637 1004 750 1097 magis
767 1026 873 1098 quam
893 1001 1002 1075 iidem
1020 1026 1276 1099 contemnere,
1311 1013 1348 1082 in
1368 1035 1501 1108 perpe·

185 1124 287 1177 tuam
314 1102 469 1175 nationis
493 1100 745 1196 ignominiam.
790 1101 886 1171 Haec
911 1122 985 1171 tam
1008 1104 1238 1177 virulentaiu
1256 1106 1435 1181 Celerem
1455 1132 1504 1182 ac

186 1200 374 1295 Principes
390 1198 592 1271 Germanos
609 1197 791 1284 convitia,
824 1212 930 1290 quam
949 1195 1036 1270 fallo
1053 1223 1095 1271 ac
1113 1200 1289 1298 flagitiose
1306 1206 1507 1280 mentiatur

191 1322 234 1371 or
259 1297 349 1370 illud
371 1294 559 1389 inpudens
584 1316 627 1363 ac
651 1292 920 1365 mendaciorum
942 1291 1025 1369 fons
1041 1300 1227 1391 perminis,
1260 1303 1320 1374 rel
1337 1303 1427 1376 illud
1445 1305 1505 1376 in·

190 1394 312 1487 dicat,
346 1390 444 1485 quod
469 1390 577 1460 hoaie
602 1387 669 1461 nili
693 1391 908 1463 mentiretur
928 1395 991 1488 qui
1009 1391 1126 1491 poll'ct
1141 1392 1208 1468 ista
1221 1402 1395 1493 mentiri,
1429 1424 1507 1474 non

191 1490 293 1565 eun.
318 1488 413 1584 Quis
430 1488 526 1560 enim
542 1487 686 1559 dubitat
703 1510 810 1585 quarn
829 1488 936 1562 facile
953 1490 1125 1586 potuiiset
1141 1494 1310 1570 meritum
1323 1518 1512 1596 reportare

190 1586 430 1685 supplicium,
466 1583 491 1658 fi
517 1582 640 1658 Cesar
662 1583 701 1657 id
727 1584 897 1661 roluill'et
918 1610 962 1659 ac
987 1591 1181 1684 proceres?
1214 1592 1274 1668 sed
1292 1598 1372 1692 quis
1388 1596 1509 1689 illud,

191 1708 268 1761 nou
292 1685 378 1757 dico
403 1682 525 1755 Caelar
549 1703 611 1755 aut
637 1704 831 1781 procerum
853 1685 1065 1781 quisquam,
1096 1684 1155 1757 scd
1173 1689 1232 1759 rel
1250 1691 1402 1764 honesto
1419 1694 1513 1766 loco

190 1802 296 1857 naurs
321 1779 546 1855 Christianus
570 1780 665 1853 ullus
682 1782 719 1852 in
737 1784 896 1854 animum
913 1778 1086 1874 potuilset
1102 1781 1296 1874 inducere,
1329 1805 1372 1858 ut
1391 1785 1508 1862 fidem

191 1880 347 1955 violaret
365 1877 576 1974 publicam?
599 1900 644 1951 ut
662 1878 788 1970 illum,
811 1896 1013 1974 quanqu-
1030 1872 1190 1969 poblicrc
1208 1875 1294 1950 fidei
1312 1879 1508 1974 publicum

191 1976 356 2068 bostem,
390 1998 456 2073 per
482 1974 666 2071 perfidiam
685 1974 853 2065 tolleret,
884 1990 929 2045 ut
943 1970 1031 2043 orlio
1048 1973 1165 2066 (quod
1181 1976 1300 2071 ajunt)
1318 1978 1510 2071 nocentis,

194 2073 364 2175 perderet
389 2074 658 2148 innocentiam?
691 2070 815 2165 Istud,
846 2092 960 2183 quum
978 2092 1053 2143 non
1069 2068 1193 2146 Caesar
1207 2071 1366 2172 promifli
1383 2073 1509 2149 obser·

195 2170 439 2267 millium,
463 2196 537 2245 non
554 2194 745 2270 procerum
761 2168 913 2268 uliquis,
937 2168 1069 2265 quibus
1083 2168 1177 2244 nibil
1191 2173 1376 2272 antiquius
1393 2173 1513 2247 bono-

192 2292 237 2349 re
259 2270 430 2363 ducitur,
463 2294 537 2344 non
562 2268 713 2343 honesto
739 2270 824 2341 loco
849 2286 954 2341 natus
976 2265 1203 2345 Christianus
1220 2273 1433 2370 quisquam,
1467 2292 1513 2347 ut

197 2370 264 2472 qoi
288 2369 379 2445 nibil
396 2392 471 2443 nou
488 2367 627 2443 censeat
644 2365 931 2465 posthabendum
949 2363 1059 2461 fidei,
1084 2366 1259 2465 potuill'et
1272 2392 1429 2467 unquam
1446 2390 1514 2441 co-

196 2470 339 2569 gitur,
363 2468 444 2566 quir
458 2489 607 2563 usquam
627 2468 720 2538 vivit
736 2487 820 2537 rere
837 2462 1091 2562 Germanoque
1108 2465 1332 2561 Geruranur,
1357 2469 1421 2565 qui
1439 2463 1513 2540 fer.

195 2592 236 2643 re
252 2565 360 2665 possit
374 2564 591 2639 nebulonem
608 2561 862 2652 fraterculum,
895 2584 980 2659 quar
996 2582 1209 2660 perpetuam
1227 2563 1410 2640 iamiam
1430 2565 1513 2637 inu.

195 2687 317 2741 retent
332 2665 472 2737 nationi
489 2662 741 2751 Germanicae,
765 2684 808 2733 ea
825 2678 901 2733 tam
918 2659 1149 2754 impodmrer
1162 2686 1269 2761 quam
1287 2660 1511 2737 mendaciffi.

196 2786 260 2841 me
276 2786 352 2836 non
368 2762 525 2856 cuipiam
543 2758 597 2831 l'ui
615 2754 720 2828 limili
731 2778 927 2850 germano,
943 2754 1003 2827 led
1013 2759 1225 2850 proceribus
1234 2760 1403 2828 omnibus
1414 2758 1512 2828 Ger·

198 2860 353 2947 mmiae,
379 2874 488 2949 atque
505 2852 571 2945 ipsi
591 2872 640 2947 qu
693 2874 738 2921 ue
755 2851 964 2943 principum
983 2852 1250 2921 Germanorum
1270 2852 1427 2946 principi
1448 2872 1516 2945 per

197 2946 665 3139 iiiiffmiri'lpiiiiiiio
688 2943 825 3133 ,²52³ss
851 2943 1515 3141 ,lulligllffilrllssfflss

198 3164 321 3227 tentor
336 3139 519 3241 principes
536 3158 676 3213 tanturn
696 3136 805 3219 licere
823 3134 1040 3233 fraterculo,
1065 3160 1168 3214 tanto
1186 3094 1304 3216 minus
1319 3144 1397 3239 ejus
1411 3170 1516 3219 men·

198 3244 312 3325 duciis
328 3262 537 3317 movemur:
564 3260 646 3411 (Γπ
665 3239 796 3353 partim
815 3238 945 3328 latine,
970 3260 1053 3336 quae
1072 3238 1250 3337 legimus,
1275 3243 1408 3336 partim
1427 3267 1513 3343 ger·

199 3332 1421 3548 ffissn‘rtlllsslszltflzllllllrllsssszrlssffiqllll
1437 3364 1516 3511 ¹:223

201 3546 279 3617 non
294 3534 432 3631 nosset,
456 3538 591 3649 aliquid
611 3533 752 3611 fortullc
770 3535 957 3623 dubitare,
982 3556 1135 3607 nuncin
1155 3538 1314 3610 animum
1331 3538 1519 3611 succurret

198 3632 420 3727 lestoriour,
446 3634 535 3708 nihil
556 3637 652 3708 illius
670 3631 931 3707 mnlcdicenriae
950 3632 1192 3729 credendum,
1218 3636 1279 3709 cui
1301 3658 1517 3733 perpetuum

204 3734 409 3813 institutum
436 3732 505 3807 effe
532 3735 672 3824 videat,
704 3736 749 3806 dc
775 3730 1003 3828 Principibus
1030 3734 1176 3830 prorsus
1194 3735 1383 3824 orunibus,
1411 3755 1518 3827 atque

204 3834 286 3943 ipio
300 3834 411 3915 etium
428 3828 569 3909 Cael‘arc
588 3831 794 3907 mentiendi.
822 3828 958 3930 Neque
975 3835 1071 3907 enim
1091 3830 1185 3907 istud
1198 3833 1365 3907 Lutlrero
1379 3855 1518 4001 noruffr

1443 3952 1462 4002 e
1505 3981 1521 4023 o
