3322 4456
228 335 299 411 344
431 308 816 387 HISTORIA
856 303 1303 411 Evaunum
1354 312 1521 407 &¹546-

226 480 257 522 ‚,
281 456 323 506 ut
347 434 462 532 palam
489 435 592 509 fieret
615 436 783 507 omnibus
808 435 895 505 ritae
914 457 1005 506 meae
1019 457 1063 505 ac
1078 457 1221 505 morum
1236 441 1518 529 contemplatio:

228 576 258 621 „
281 554 366 603 curn
384 532 631 619 oenotriam,
648 535 825 603 neminem
842 528 912 600 ess'e
926 535 990 626 qui
1007 528 1202 601 inhonesta
1219 535 1438 604 conditionis
1446 560 1522 606 tna·

229 672 258 712 ‚‚
282 630 402 699 culam
421 630 528 700 ullam
549 632 636 698 mibi
655 626 758 721 poffit
776 630 988 722 impingere.
1028 628 1068 698 si
1086 649 1192 720 quem
1211 627 1285 719 ipse
1301 632 1442 701 noveris
1457 632 1523 726 qui

227 766 259 811 „
284 722 407 817 polilt,
432 748 524 819 rogo
541 726 758 819 plurimum,
783 722 856 794 buc
871 745 955 794 eum
972 746 1094 793 coram
1112 722 1305 794 addubium
1323 728 1423 797 velia.

278 870 306 911 ,,
334 824 498 913 blortque
523 821 703 891 discedens
727 818 943 913 episcopua,
975 820 1117 889 dicebat
1140 817 1277 911 scripto
1301 821 1336 891 se
1360 822 1522 894 matidare

230 960 259 1001 „
284 916 376 987 relle
398 939 533 1012 partem
549 940 674 989 eorum
692 916 924 1005 nonnullam,
947 938 1031 1009 quae
1048 916 1310 1009 relpondrffem.
1353 919 1466 1006 Quod
1484 921 1523 991 br

232 1054 261 1097 „
286 1010 386 1083 feeit.
430 1014 513 1107 Ego
540 1012 627 1083 reto
656 1011 705 1082 lin
733 1012 793 1080 ula
815 1009 1011 1103 complesti
1036 1015 1220 1082 memoria:
1246 1014 1340 1083 haud
1358 1016 1525 1106 quibam,

231 1152 261 1194 „
284 1109 342 1179 rel
359 1108 443 1203 quia
459 1129 531 1179 tam
549 1107 663 1180 multa
676 1035 806 1195 trient,
826 1106 884 1177 rel
901 1110 962 1202 qu'
991 1108 1324 1199 exemplarmibiad
1335 1113 1524 1205 legendum

232 1248 263 1291 ‚,
285 1226 360 1274 non
375 1202 653 1277 concedebatur.
676 1202 952 1297 Quaeautemre
998 1202 1089 1273 rdari
1099 1221 1285 1296 poteram,
1304 1206 1340 1272 in
1351 1207 1440 1278 banc
1452 1204 1526 1279 fere

232 1345 262 1389 ‚,
286 1298 457 1371 summam
468 1299 671 1371 tendebant.
696 1300 820 1388 Scire,
838 1301 971 1393 (inquit
979 1304 1010 1390 ,J
1025 1320 1148 1368 omnm
1156 1298 1243 1367 volo
1251 1319 1435 1393 quotquot
1447 1306 1530 1375 sunt

233 1440 262 1483 „
286 1396 474 1482 mortaler,
494 1394 576 1467 fidei
595 1418 684 1467 meae
703 1396 794 1467 hanc
812 1393 951 1467 firmam
967 1412 1172 1488 certamque
1183 1391 1253 1465 erte
1266 1394 1528 1489 profellionem,

234 1536 264 1581 ,‚
288 1492 549 1585 quantumlibet
566 1495 716 1563 mendax
734 1492 828 1602 sarna
843 1490 942 1565 lectra
957 1492 1003 1563 de
1018 1513 1077 1562 me
1091 1511 1318 1585 pervagatur.
1343 1492 1528 1586 Primum,

234 1585 1530 1795 :3illiti}¹³„stl⁵ll0m03⁰l2¹i{⁰qzll2lr²i{‘?3;in⁰;il

235 1780 568 1972 xlllssttllli
583 1781 943 1972 lsslssatff'l’rl‘„
959 1779 1530 1971 llffil‘rlc‘illlri‘nllf

236 2020 265 2063 „
289 1992 393 2064 tum,
418 1971 497 2067 poll
517 1973 843 2066 consecrationem,
863 1970 936 2045 five
950 1972 1130 2062 sumatur,
1147 1993 1210 2043 aut
1220 1972 1429 2065 afferretur,
1447 1997 1530 2068 per·

237 2118 265 2159 „
289 2068 414 2142 durare
435 2070 671 2145 nihilominus
686 2092 819 2166 corpur
835 2069 874 2143 dt
890 2068 1096 2166 sanguinem
1115 2067 1252 2141 Christi
1268 2070 1409 2143 realiter
1423 2074 1532 2165 juxta

236 2162 491 2257 „substantiae
516 2169 715 2241 veritatem.
757 2167 881 2241 Credo
904 2166 1060 2264 denique
1085 2185 1165 2239 turn
1192 2166 1230 2239 in
1257 2167 1355 2259 boe,
1388 2189 1466 2242 tum
1493 2170 1533 2240 in

236 2312 265 2356 „
290 2282 420 2337 caetera
437 2266 556 2376 omnia
572 2261 732 2376 ecclefire
746 2261 983 2374 ferramenta,
996 2265 1432 2375 juxtaomneaarticuloe,
1449 2264 1533 2373 ubi·

237 2408 266 2548 ζ’,
290 2358 1200 2554 3ΐὲῳίὧῖἵζ’ἰίῗῗηῗὲἷέζῖἱζξῗῗιζὲῗὲἑᾲἲὲ
1216 2357 1534 2530 llillrlll:

238 2602 266 2644 „
292 2556 476 2648 ptionetna
493 2557 598 2629 Plura
616 2559 651 2627 in
669 2555 740 2629 boc
756 2555 929 2655 rescripto
947 2553 1245 2645 continebantur,
1269 2575 1351 2650 quae
1364 2556 1533 2650 quoniam

238 2697 267 2739 „
291 2652 473 2743 exemplar
497 2654 683 2751 pervidere
708 2677 782 2725 non
807 2656 932 2745 licuit,
966 2651 1103 2747 lingula
1126 2672 1247 2724 mente
1272 2649 1465 2741 compleat
1490 2671 1532 2749 ac

239 2792 265 2835 „
292 2752 507 2841 memoriae,
549 2749 714 2824 mandare
740 2771 812 2820 non
839 2749 957 2844 potui.
1001 2750 1099 2819 Haec
1123 2749 1238 2839 igitur
1261 2747 1387 2812 ordine
1412 2759 1533 2843 omma

238 2890 265 2931 ‚‚
290 2866 400 3009 ru
416 2846 646 3014 uultu
660 2832 1531 3008 erl⁹fereritrsrrrff‘rrlrrlzi

238 2986 267 3127 ζ
294 2958 819 3136 iiiiscrigiurvaapzriiiittgi‘ect,
846 2956 987 3102 ttiirtum
1006 3027 1047 3099 iia
1064 3047 1122 3098 me
1138 2949 1343 3133 alle’nlirram
1357 3021 1446 3114 elle,
1465 3024 1532 3134 ita·

236 3182 264 3229 „
292 3154 361 3227 qur:
387 3135 456 3207 lroc
481 3132 594 3228 ipsum
615 3127 717 3203 fimul
733 3124 936 3203 annecteret
953 3149 1037 3200 cum
1053 3120 1332 3216 subscriptione,
1359 3119 1532 3217 efflagito.

235 3280 263 3323 „
291 3230 521 3323 llcl'pondtt:
559 3230 697 3302 Doceri
721 3224 754 3299 se
780 3225 801 3299 a
825 3249 883 3301 me
909 3248 982 3300 non
1008 3223 1101 3297 velle
1124 3222 1160 3290 in
1178 3220 1220 3291 iis
1238 3241 1319 3314 quae
1339 3217 1411 3310 ipse
1428 3240 1533 3315 agere

235 3374 264 3417 „
290 3323 512 3420 scribi-reque
538 3328 676 3400 debeat.
719 3330 777 3399 Ac
800 3322 978 3399 continui>
995 3323 1075 3394 inde
1093 3320 1129 3388 in
1146 3316 1261 3387 aulam
1280 3316 1449 3387 convolat
1468 3337 1531 3385 ex·

236 3469 264 3511 „
291 3422 483 3511 terioretn,
503 3423 565 3493 ubi
583 3426 621 3495 in
639 3422 785 3517 publica
800 3420 1041 3497 multitudinis
1060 3414 1256 3504 [renuentia
1275 3413 1344 3484 hoc
1362 3411 1534 3518 scripturn

236 3564 263 3609 „
290 3512 437 3601 recitat,
472 3518 720 3611 compluribur
744 3519 793 3591 ibi
821 3542 878 3593 me
904 3511 1129 3588 hortantibus
1154 3530 1195 3582 ut
1213 3532 1319 3581 manu
1336 3506 1532 3582 subscribe·

235 3658 263 3703 „
288 3628 383 3679 rem:
419 3606 675 3689 affirmantibus
701 3614 834 3710 porri),
869 3611 1041 3710 praeclare‘
1064 3608 1169 3679 etiarn
1190 3630 1332 3679 mecum
1351 3601 1470 3677 adium
1492 3603 1535 3675 iri

233 3758 263 3801 ‚,
290 3700 312 3775 li
342 3703 396 3775 rel
428 3706 474 3777 lic
503 3733 555 3781 res
583 3711 697 3805 posset
725 3710 882 3806 tranfigi.
931 3705 1117 3782 Subinfert
1144 3704 1186 3776 ad
1215 3704 1296 3777 haec
1321 3701 1531 3798 episcopus:

234 3854 262 3901 „
288 3800 403 3897 Qrod
422 3823 562 3879 tuntum
582 3812 676 3902 apud
695 3804 728 3882 se
747 3809 907 3907 experiar
925 3803 1078 3896 favoris,
1105 3826 1178 3875 non
1196 3801 1233 3874 id
1249 3822 1323 3876 tam
1342 3824 1420 3874 mea
1436 3793 1537 3963 {nula

1390 3945 1417 3986 „
1463 3912 1535 3982 ert,
