3322 4456
156 340 319 440 mm
479 309 1129 431 ·nnuovart
1326 356 1453 423 an

153 488 272 557 merus
298 481 459 562 repertus
484 464 535 539 est
563 484 635 539 tam
663 464 700 536 in
725 462 865 558 oppido
888 484 994 556 quam
1020 463 1128 562 soris,
1159 489 1311 543 numero
1327 465 1371 540 ad
1388 491 1453 540 oc·

153 567 352 666 tingentos.
394 562 473 658 Qui
494 560 697 657 superstites
713 577 813 652 erant
830 556 981 632 inlimtes
998 558 1042 637 ab
1059 584 1103 634 eo
1118 560 1263 660 surore,
1289 566 1452 664 plerique
1490 649 1491 652 Ἴ

152 658 360 773 rebaptisati
378 655 522 730 fuerunt
540 659 585 728 ab
603 654 719 765 hoste.
742 653 868 765 Rebus
885 656 927 764 ad
949 653 1153 770 Cabrieram
1168 663 1366 760 expeditis,
1385 686 1452 773 eq.
1529 761 1534 773 .

152 749 1377 948 stultius?s⁰lsl;..s¹sssslitl¹&sustulisse
1395 782 1452 926 s:

153 946 264 1041 yerfis
292 949 381 1020 locis
405 966 547 1017 murum
564 942 778 1016 disicerent.
820 943 863 1016 ld
883 942 906 1016 fi
926 943 1104 1035 sacereut,
1128 946 1164 1019 se
1181 969 1247 1043 pro
1264 948 1322 1020 sua
1338 953 1453 1047 gratia
1523 979 1539 1013 s

152 1042 261 1120 facile
289 1040 529 1140 persedurum
555 1041 650 1138 apud
667 1040 867 1114 Minerium
887 1041 1148 1136 pollicebatur,
1174 1062 1217 1117 ut
1234 1052 1253 1117 u
1273 1045 1452 1118 maleficio

122 1200 125 1208 .
154 1159 388 1238 temperetur.
431 1137 582 1239 Persuafi
609 1161 748 1211 morem
772 1159 927 1234 gerunt,
960 1138 1040 1234 post
1068 1140 1129 1213 ille
1154 1138 1327 1233 discedit,
1357 1141 1453 1238 quali

154 1239 429 1350 deprecaturus,
462 1235 500 1309 bt
528 1257 602 1309 non
627 1232 738 1330 longe
764 1234 965 1332 progressus
991 1236 1143 1310 obvium
1163 1236 1269 1311 habet
1286 1237 1452 1313 militem.

151 1335 208 1427 Hr
233 1356 344 1432 quum
369 1331 484 1406 nihilo
500 1328 612 1405 secius
631 1333 889 1428 procederent,
914 1333 952 1408 &
971 1333 1110 1431 impetu
1128 1335 1249 1430 primo
1266 1333 1357 1408 nihil
1375 1332 1453 1408 effi·

150 1448 300 1525 terent,
332 1430 443 1504 altera
467 1429 548 1501 luce
567 1429 813 1502 vehementius
829 1450 1066 1527 oppugnant,
1091 1433 1128 1505 &
1146 1431 1295 1506 incentis
1313 1433 1453 1507 circum

151 1528 317 1605 adificiis
334 1525 502 1601 omuibus
519 1522 748 1618 suburbanis,
782 1524 879 1598 sacili
898 1549 1003 1599 manu
1022 1529 1193 1623 capiunt,
1217 1526 1262 1602 eb
1280 1531 1378 1626 quod
1396 1526 1453 1604 su·

150 1624 286 1724 perioti
312 1622 418 1698 noste
444 1623 605 1720 plerique
629 1621 765 1697 deserta
791 1621 941 1697 statione
959 1622 1215 1721 profugerant,
1241 1626 1373 1723 delapfi
1394 1625 1453 1702 su·

149 1723 269 1800 uibus.
310 1720 397 1795 Post
421 1722 553 1794 editam
579 1714 670 1819 ergo
689 1719 825 1793 caedem
846 1720 1077 1817 &oppidum
1096 1722 1301 1818 direptum,
1326 1727 1455 1798 decur-

148 1839 236 1896 runt
254 1821 292 1892 in
311 1818 457 1893 hortum
477 1817 622 1892 castello
641 1819 825 1910 vicinum,
843 1819 881 1894 &
900 1820 1064 1894 mulieres
1082 1838 1190 1918 atque
1198 1820 1353 1916 puellas,
1371 1843 1454 1917 quae

149 1916 373 2014 trepidantes
398 1915 444 1990 eb
472 1914 734 2013 confugerant,
768 1916 970 2014 promiscue
995 1915 1253 2016 constuprant,
1285 1918 1453 2014 &quum

147 2013 247 2090 diem
275 2037 386 2100 unum
413 2032 520 2109 atque
546 2011 688 2088 nostem
708 2014 857 2088 inclusas
875 2013 1126 2107 detinuissent,
1152 2011 1241 2089 adeb
1259 2014 1456 2090 tractarunt

151 2111 416 2197 inhumaniter,
447 2129 491 2179 ut
518 2111 589 2180 illae
615 2133 697 2201 quae
725 2112 900 2203 gerebant
918 2132 1084 2202 uterum,
1119 2113 1157 2187 ὃ(
1185 2132 1269 2185 natu
1296 2116 1453 2188 minores

180 2204 306 2293 uellac,
324 2224 397 2271 non
415 2199 533 2271 multb
551 2202 631 2294 post
648 2203 956 2296 extinguerentur.
991 2208 1130 2279 Interea
1151 2209 1394 2281 Merindolani
1414 2212 1454 2287 δι

151 2224 209 2371 lis
234 2293 392 2394 adJ'undli
419 2295 623 2388 complures
651 2295 744 2404 alii,
765 2299 827 2390 qui
855 2322 918 2392 per
934 2300 1045 2396 sylvas
1063 2324 1170 2397 atque
1186 2327 1291 2398 rupes
1309 2305 1456 2379 oberra-

149 2391 260 2486 bant,
294 2392 512 2487 intercepti,
546 2391 601 2464 vel
628 2390 671 2461 ad
701 2407 859 2464 triremes
885 2397 1146 2490 mittebantur,
1181 2399 1240 2469 vel
1264 2399 1454 2473 confodie-

149 2491 305 2583 bantur,
340 2487 446 2560 multi
473 2489 579 2561 etiam
609 2487 725 2559 inedia
743 2489 937 2580 perierunt.
973 2492 1138 2584 Deinde,
1165 2515 1241 2564 non
1259 2496 1388 2589 procul
1407 2494 1452 2567 ab

148 2589 291 2762 pppau.
310 2581 1454 2762 slsttllslllllls³rsdllslulsv‘lss

146 2712 258 2863 filmd
279 2708 425 2856 suerunt
447 2735 574 2852 'omnel
601 2780 640 2854 δι
666 2779 743 2878 igni
759 2707 918 2853 enecatii
954 2708 1125 2868 Sicqadeiqs
1143 2738 1281 2868 nullum
1316 2713 1453 2859 aevitiae

147 2905 262 2982 genus
280 2880 350 2954 suit
368 2875 655 2977 pretermissum.
708 2877 891 2950 Nonnulli
910 2897 1053 2972 tamen,
1084 2880 1146 2975 qui
1165 2881 1338 2956 lanienam
1361 2883 1452 2969 hane

150 2976 375 3077 effugerant,
402 2975 587 3053 Genevam
607 2975 645 3049 dc
663 2972 707 3046 ad
724 2973 804 3049 loca
822 2976 940 3048 vicina
960 2998 1213 3074 per-venerunt.

199 3077 324 3174 Hujus
348 3070 438 3170 ergo
457 3074 505 3144 rei
524 3071 615 3144 sama
633 3094 715 3144 cum
735 3073 771 3145 in
791 3073 1021 3148 Germaniam
1040 3074 1250 3165 emanasset,
1278 3076 1455 3174 plurimo·

31 3198 62 3256 i
114 3198 231 3342 ,ag
250 3165 987 3342 tlsssstsffslsslssltlrsit
998 3222 1011 3263 ’
1025 3173 1456 3344 sluttsmsusss:

141 3292 490 3468 ,giffelttfuteret’ur
506 3359 767 3436 misericordia:
796 3364 880 3434 Rex
893 3289 1040 3454 interit,
1059 3363 1098 3437 bt
1112 3318 1224 3463 justas
1238 3290 1306 3439 dise
1319 3294 1464 3462 diusas,

154 3486 220 3536 cur
244 3466 294 3536 ita
320 3461 468 3553 fecerit,
503 3462 542 3538 ὅ(
568 3458 654 3558 quid
681 3456 747 3531 suis
774 3461 810 3531 in
838 3457 970 3534 finibus
996 3481 1101 3558 agat,
1134 3480 1195 3533 aut
1217 3464 1402 3559 quomodo
1422 3467 1459 3538 in

158 3555 274 3651 sontes
291 3559 570 3652 animadvertat,
589 3581 663 3629 non
682 3558 796 3654 magis
814 3555 894 3629 illos
911 3578 1080 3656 oportere
1096 3557 1255 3632 solicitos
1266 3559 1459 3655 essede'eo,
1565 3599 1569 3606 ·

150 3651 270 3742 dicit,
295 3652 399 3751 quarn
422 3652 469 3726 {it
484 3655 556 3754 ipse
573 3654 618 3728 de
637 3652 784 3727 illorum
804 3655 978 3752 negotiis.

149 3825 154 3835 ,
206 3761 238 3836 §.
257 3748 347 3825 Lll.
382 3751 451 3823 Sed
477 3775 543 3844 ut,
577 3750 765 3851 quomodo
792 3752 828 3823 in
853 3751 1206 3828 MELDENSEM
1225 3778 1369 3853 quoque
1388 3757 1462 3830 Ee·

147 3845 300 3952 jclefiam
321 3845 575 3944 persecutionis
591 3846 745 3927 saevierit
763 3847 975 4025 tepgrpestas,
993 3852 1240 3963 explicemus,
1257 3850 1465 4041 necesseplst.

392 4024 405 4048 .·
607 4030 610 4037 .
666 4024 692 4045 .·
819 4032 824 4045 .
924 3970 1068 4047 ·T‚.··.v
1110 4026 1147 4053 ,..
1187 4006 1317 4060 r.:.·,....·
1401 3972 1467 4041 „l”
