3322 4456
202 427 278 502 dre.
308 423 552 523 splendentem
579 418 668 496 veri>
693 442 846 518 operum
871 444 955 519 quae
980 421 1049 523 ipfi
1066 422 1219 503 facimus
1233 424 1368 505 larvam
1387 435 1507 534 rejicit

202 525 408 617 Dominus,
433 519 518 596 cirin
537 522 608 594 ait:
634 519 731 616 Quis
749 520 829 593 haec
848 523 957 615 petiit
973 522 995 595 a
1011 523 1140 598 vobis?

250 622 482 719 Prosequitur
500 622 667 714 deinceps
680 618 872 691 Schuchus
887 619 1010 692 erdem
1018 621 1170 717 epistola
1180 625 1231 715 (ι)
1249 624 1292 697 ad
1305 627 1510 727 Principem

202 717 411 794 Antonium
439 719 601 815 pluribus
625 717 721 787 nunc
747 715 792 786 de
816 738 901 788 vera
927 714 1022 810 fide,
1054 744 1160 812 quam
1186 720 1276 793 boni
1303 723 1441 802 fruetus
1457 727 1510 801 se·

203 837 388 912 quuntur,
405 815 623 889 sermonem:
644 813 920 886 commendat&
932 814 1031 888 verbi
1042 816 1116 888 Dei
1125 818 1510 921 authoritatem,quod

204 910 228 987 ὲ
244 916 394 989 Christo
408 916 558 1010 ejusque
576 909 762 1004 apostolis
777 933 993 1005 acceptum,
1016 913 1052 986 se
1069 938 1215 1012 quoque
1233 915 1305 989 line
1323 921 1408 994 luco
1421 947 1510 995 con·

203 1013 389 1091 cinnatum
417 1014 561 1083 fatetur.
604 1008 766 1101 Principi
792 1028 875 1078 ante
900 1011 1027 1082 oculos
1053 1015 1188 1106 ponit,
1221 1014 1330 1108 idque
1356 1020 1513 1116 eleganti

202 1108 388 1186 servorum
401 1108 495 1198 Dei,
514 1130 555 1177 ac
576 1105 879 1176 mercenariorum
892 1105 998 1202 Papae
1016 1110 1184 1181 antithefi
1204 1109 1317 1203 fabia,
1335 1113 1369 1188 se
1386 1120 1512 1189 adver·

202 1207 375 1284 sariorum
407 1199 715 1296 impudentissimis
742 1198 950 1295 imposturis
975 1203 1160 1279 indusium
1188 1204 1356 1281 fuissent
1384 1235 1513 1288 contra
1613 1222 1616 1226 '

203 1329 267 1380 eor
284 1309 512 1402 loqueretur,
530 1319 636 1391 atque
655 1298 693 1368 in
709 1320 771 1367 eos
787 1298 1042 1393 inveheretur,
1060 1304 1122 1398 qui
1139 1301 1231 1374 nihil
1250 1326 1384 1398 praeter
1400 1312 1511 1382 tradi·

204 1405 321 1476 tiones
340 1405 509 1480 humanas
527 1395 788 1488 praedicarent,
808 1393 846 1465 &
864 1397 999 1470 ventris
1016 1398 1140 1494 causa,
1158 1423 1235 1475 non
1258 1425 1341 1496 qua:
1359 1405 1512 1499 Christi,

201 1495 263 1572 sed
288 1498 347 1572 sua
371 1506 586 1593 quaererent.
628 1491 772 1569 Deinde
797 1489 929 1569 refellit
944 1496 1140 1572 calumnias
1156 1499 1433 1579 adversariorum
1452 1509 1514 1601 qui

202 1590 287 1670 eum
307 1619 391 1669 eum
410 1614 493 1665 toto
510 1587 919 1686 populo·S.Hippolyti
932 1593 1066 1756 ἑιιςυιιι
1084 1595 1326 1690 obedientiae,
1345 1625 1427 1696 quae
1438 1629 1512 1676 ma·

200 1692 369 1792 gistratui
395 1689 570 1778 debetur,
602 1705 776 1759 excutere
798 1687 892 1757 velle
908 1713 932 1758 o
953 1683 1157 1782 jactabant:
1185 1693 1296 1782 idque
1311 1701 1440 1769 validis
1456 1725 1513 1769 ar.

201 1791 386 1888 gumentis
410 1787 431 1857 e
459 1786 648 1878 Scriptura
673 1780 797 1876 petitis
822 1778 935 1872 facte,
964 1801 1038 1850 non
1054 1779 1124 1853 effe
1142 1806 1207 1854 cur
1224 1785 1294 1855 tale
1312 1791 1399 1879 quid
1418 1793 1463 1861 de
1480 1794 1514 1864 se

202 1909 268 1963 aut
296 1887 364 1960 suis
391 1881 562 1976 Princeps
585 1881 749 1974 cogitet,
775 1869 861 1948 citm
879 1875 941 1951 illa
955 1895 1102 1950 moneat
1119 1877 1260 1974 passm,
1285 1885 1386 1955 omni
1406 1906 1511 1980 pote·

190 1982 287 2057 -stati
305 1983 329 2055 d
344 1983 428 2053 Deo
444 1976 655 2050 constitutae
675 1973 892 2072 parendum:
920 1971 1053 2049 Caesari
1069 1974 1225 2051 dandum
1244 1977 1342 2073 quod
1362 1978 1406 2052 fit
1424 1981 1510 2055 eze·

199 2078 296 2154 satu.
339 2074 526 2152 Postremo
552 2075 729 2170 supplicat
749 2073 871 2166 Duci‚
895 2094 1051 2167 eumque
1068 2097 1133 2168 per
1150 2076 1272 2150 Deum
1291 2076 1514 2172 obtestatur,

201 2198 246 2255 ut
263 2164 378 2275 ipsum
397 2175 538 2266 audiat,
565 2171 759 2245 admonens
777 2192 858 2243 eum
880 2171 997 2265 (zelo,
1021 2192 1097 2266 quo
1115 2172 1171 2246 vir
1187 2193 1285 2266 erat,
1302 2174 1441 2248 ardenti
1458 2197 1513 2251 at·

202 2303 274 2374 que
291 2275 522 2376 prophetico
536 2270 682 2369 spiritu)
699 2267 751 2342 sui
768 2265 906 2362 officii,
931 2271 1016 2368 quia
1034 2271 1072 2341 in
1090 2271 1193 2346 causa
1206 2271 1347 2365 salutis,
1372 2274 1513 2370 inquit,

201 2370 473 2473 deprurom'rlae
497 2394 583 2445 cum
610 2367 795 2463 quibusvis
817 2362 861 2439 fit
879 2368 1072 2463 agendum.
1114 2367 1137 2441 d
1154 2371 1240 2444 Deo
1256 2371 1351 2444 enim
1368 2395 1514 2447 ornnem

45 2517 48 2521 ·
200 2478 449 2574 principatum
477 2468 648 2542 stabiliri:
694 2463 845 2561 proinde
870 2465 996 2561 illius,
1029 2488 1160 2562 utpote
1184 2467 1341 2565 supremi
1368 2470 1515 2569 Regis,

202 2575 400 2650 habendam
428 2564 615 2666 praecipue
642 2565 841 2656 rationem,
876 2564 1032 2662 nequid
1057 2585 1195 2639 temere
1218 2586 1282 2640 aut
1307 2569 1430 2641 credat
1452 2591 1517 2643 aut

197 2673 356 2772 judicet.
399 2672 522 2760 Atque
549 2670 599 2736 ita
626 2662 799 2769 humilem
826 2660 1190 2770 suamconditiouem
1207 2664 1425 2762 agnoscens,
1449 2689 1513 2735 ex·

203 2767 303 2842 cusat
322 2766 378 2855 se,
404 2760 503 2858 quod
523 2762 614 2832 hanc
629 2757 817 2849 epistolam
837 2759 966 2830 humili
983 2783 1130 2852 quoque
1144 2760 1239 2853 stylo
1256 2759 1447 2848 scriptam,
1467 2759 1513 2833 de

200 2865 350 2939 mma
374 2882 456 2950 (με
484 2880 548 2948 per
573 2856 606 2924 se
632 2851 710 2922 satis
734 2851 787 2921 est
811 2871 957 2939 ornata,
990 2846 1099 2943 ipfius
1118 2851 1304 2946 Majestati
1323 2854 1513 2930 obtulerit.
1631 2928 1637 2939 .

200 2956 368 3035 Tandem
385 2954 557 3024 summam
574 2950 611 3020 &
628 2965 835 3038 perpetuam
856 2963 983 3036 optans
1003 2947 1163 3046 Principi
1181 2947 1390 3022 felicitatem
1402 2951 1513 3028 finem

200 3051 365 3154 epistola:
382 3050 551 3144 imponit.
577 3039 712 3117 Auum
730 3042 768 3113 iu
785 3039 927 3138 oppido
946 3041 984 3117 S.
1003 3042 1197 3140 Hippoliti
1215 3049 1390 3147 Martyris
1411 3053 1512 3147 eja·

201 3152 341 3247 aerarii,
368 3151 597 3243 Annotptf.
884 3207 887 3213 .

1394 3387 1513 3462 Num.

242 3731 296 3815 (a)
320 3728 369 3795 lta
391 3723 524 3792 breviter
546 3717 695 3805 Epistola
718 3719 802 3784 illius
826 3732 1013 3805 excerptum
1035 3721 1125 3803 nohis
1148 3721 1319 3806 suppeditat
1343 3719 1512 3789 FOXUS

201 3818 229 3885 l.
244 3836 276 3885 c.
300 3832 399 3898 quam
424 3812 576 3894 integram
592 3808 700 3955 lingua
717 3804 910 3905 qurnaniea
925 3798 1149 3907 Mertyrologio
1156 3807 1214 3906 [uo
1231 3806 1356 3872 inseruit
1375 3804 1510 3905 chdqm-

201 3924 256 3967 rur
272 3894 433 3966 RABUS
451 3892 552 3960 Tum.
563 3888 608 3955 V.
659 3891 685 3954 l.
698 3908 893 3991 144-152.
915 3887 1070 3976 &lingua
1083 3890 1230 3975 Gallica,
1253 3888 1510 3978 Martyrologrrm

201 3976 286 4054 dat.
303 3983 417 4073 Magn.
435 3980 496 4049 sol.
504 3974 658 4062 89-91.
