3322 4456
143 351 309 444 A.r543.
474 343 512 417 R
560 341 593 415 E
643 337 683 411 N
734 340 771 412 O
823 337 858 410 V
909 341 940 412 A
991 341 1028 414 T
1078 345 1108 418 Ι.
1370 371 1440 448 3¹7

139 468 391 560 conniventia,
424 466 627 537 audaciores
654 460 736 532 faui
756 463 856 534 illum
876 463 1043 536 haereseos
1063 467 1261 546 insimulare
1279 497 1350 546 non
1369 476 1435 546 du·
1535 526 1547 551 ,

138 564 319 656 bitarunt,
337 563 498 637 articulis
515 558 723 657 quibusdam
741 558 1071 655 confignatisatque
1083 566 1178 660 Regi
1190 569 1379 662 exhibitis,
1397 573 1435 642 in
1474 650 1478 656 ,

140 664 269 757 quibus
297 682 377 732 ante
404 659 524 730 omnia
552 676 716 747 tanquam
744 655 801 726 sex
827 658 1059 728 articulorum
1087 658 1166 732 osor
1188 670 1435 758 perpetuus&

136 759 389 830 haereticorum
411 776 602 852 patronus,
623 751 908 842 describebatur,
927 755 986 846 qui
1006 755 1224 828 etiamnunc
1244 785 1369 836 contra
1382 763 1431 834 se·

136 852 347 924 veriffimum
376 854 490 947 Regis
509 846 677 921 Edislutn
702 849 799 919 vivat
818 851 853 919 in
871 851 1122 940 matrimonio,
1147 853 1260 935 ethni.
1307 859 1355 930 Et
1374 858 1430 930 su.

134 946 212 1020 isset
239 973 279 1019 ea
304 972 447 1043 quoque
474 969 526 1020 res
554 943 734 1041 capitalis,
767 945 831 1016 nisi
859 946 1010 1016 candore
1036 946 1096 1017 suo
1116 950 1254 1041 prorsus
1274 956 1430 1045 eximio,

136 1043 349 1116 Cranmerus
377 1047 419 1117 de
447 1066 541 1117 novo
569 1043 683 1135 Regis
699 1063 869 1135 expertus
888 1041 1004 1113 fuisset
1023 1048 1172 1137 gratiam
1195 1051 1229 1119 bt
1250 1047 1429 1141 savorem,

135 1160 197 1229 ut,
219 1144 450 1237 nequicquam
470 1136 715 1211 frendentibus
733 1135 913 1228 hostibus,
933 1163 1054 1209 eorum
1075 1139 1219 1214 cassibus
1236 1147 1428 1217 etiamtum

134 1236 244 1308 fuerit
262 1259 402 1333 ereptus
414 1271 426 1323 3
456 1235 605 1310 Scilicet
624 1234 673 1324 (a)
702 1233 816 1322 Rex,
833 1258 914 1306 cum
936 1236 1004 1306 illis
1022 1238 1179 1309 articulis
1197 1239 1238 1310 ad
1259 1243 1429 1312 Cranmc·

133 1356 212 1404 rutn
239 1332 271 1407 se
299 1336 479 1430 recipere,
513 1353 619 1427 atque
646 1326 765 1423 primo
790 1331 832 1401 de
858 1332 1042 1403 haetesium
1064 1336 1310 1428 incrementis,
1336 1337 1429 1410 diffi-

133 1430 271 1526 diisque
289 1431 369 1502 inde
386 1429 531 1501 orituris
550 1425 658 1498 verba
675 1423 808 1516 facere,
835 1428 961 1500 addere
980 1427 1111 1522 porro,
1136 1431 1169 1502 se
1188 1435 1223 1502 in
1243 1433 1428 1508 haerefiutn

131 1526 311 1615 austorem
330 1551 371 1598 ac
390 1526 564 1599 fautorem
585 1525 786 1618 perquirere
805 1521 947 1615 sedulo,
967 1545 1005 1595 ut
1026 1525 1140 1596 sicudr
1152 1525 1332 1621 offendat,
1352 1557 1428 1604 me·

88 1684 91 1689 ,
132 1624 217 1694 ritas
244 1646 316 1695 non
342 1621 493 1717 effugiat
521 1642 668 1715 poenas,
700 1620 736 1691 &
757 1621 974 1717 interrogare
992 1622 1162 1715 denique,
1188 1629 1272 1717 quid
1296 1631 1430 1711 Archif.

130 1718 301 1815 episcopo
326 1723 426 1791 eade
446 1713 683 1791 revideatur?
710 1715 777 1788 llle
797 1714 934 1808 statim,
960 1740 1031 1789 non
1053 1717 1114 1789 sibi
1135 1720 1320 1816 displicere
1338 1749 1428 1796 con·

129 1814 240 1908 lium,
276 1818 431 1914 regerit,
467 1815 578 1888 modo
604 1814 723 1908 prius,
757 1814 843 1909 quid
863 1813 1003 1887 haeresis
1024 1814 1088 1905 fit,
1117 1818 1229 1908 probe
1248 1823 1426 1915 expenda-

129 1928 210 2000 tur,
244 1938 288 1987 ne
312 1916 374 2010 qui
396 1913 543 1985 verbum
553 1911 634 1998 Dei
654 1910 815 1982 adversus
834 1912 1018 1984 hominum
1038 1935 1241 1986 commenta
1259 1937 1426 2011 tuentur,
1531 1969 1535 1978 -

128 2023 294 2105 tanquam
310 1997 787 2083 haereficic‘ondemnentur:
808 2009 906 2079 Tum
920 2012 1121 2100 veroRex,
1141 2063 1167 2102 „
1178 2014 1236 2083 Te
1247 2015 1426 2106 volebam,

128 2151 156 2191 „
168 2106 309 2198 inquit,
335 2107 396 2196 qui
415 2106 496 2176 inde
514 2101 533 2172 ὲ
553 2102 665 2196 longo
684 2124 846 2195 ternpore
861 2107 934 2196 jarn
955 2105 1138 2176 haetesrum
1158 2107 1281 2182 auctor
1299 2113 1428 2186 diceris

128 2215 270 2288 „atque
289 2197 465 2285 sautor„,
486 2195 672 2288 statimque
686 2197 855 2266 articulos
867 2200 886 2266 a
898 2199 1424 2280 PraebendariisCairtuariensr.

127 2291 194 2364 bus
208 2295 244 2366 dt
256 2289 460 2384 Justitiariis
470 2289 719 2363 Cantienfibus
731 2288 793 2360 sibi
805 2290 945 2362 oblatos
957 2295 1151 2368 Cranmero
1163 2302 1291 2373 tradit:
1313 2306 1425 2376 Cran-

127 2411 244 2463 merus
263 2388 363 2461 leslis
382 2387 541 2461 articulis
560 2387 595 2454 in
615 2406 730 2478 genua
748 2388 958 2480 procidens,
977 2392 1026 2461 rei
1046 2392 1229 2465 veritatem
1246 2398 1425 2492 explorari

127 2486 250 2580 petit,
284 2486 443 2577 addens,
478 2482 510 2555 se
536 2477 683 2552 omnino
710 2482 870 2554 adversus
899 2484 955 2556 sert
983 2488 1183 2579 articulos,
1222 2496 1424 2587 priusquam

126 2580 235 2654 essent
261 2583 419 2670 decreti,
454 2582 606 2651 tationes
624 2580 696 2650 suas
716 2580 952 2675 proposuisse,
979 2601 1013 2654 nt
1033 2581 1142 2674 vero,
1167 2586 1326 2660 adver-sus
1345 2592 1425 2664 illos

125 2678 308 2771 deliquisse
334 2701 538 2770 nunquam,
575 2676 619 2746 de
647 2699 758 2748 uxore
777 2680 1037 2772 interrogatus,
1063 2681 1253 2778 sequidem
1275 2711 1424 2761 uxorem

124 2774 254 2848 habere
273 2774 413 2847 nonest
434 2772 632 2862 inficiatus,
659 2773 737 2863 sed,
764 2798 890 2869 quam,
913 2776 1057 2849 fimuhic
1077 2781 1164 2850 illud
1184 2783 1343 2856 adversus
1360 2788 1423 2858 Sa.

124 2873 313 2945 cerdotum
342 2871 567 2942 matrimonia
595 2869 761 2940 llatutum
782 2869 865 2943 esset
884 2871 1037 2964 sudium,
1065 2876 1100 2945 in
1120 2878 1348 2952 Germaniam
1368 2883 1422 2955 di.

124 2969 290 3055 misisset;
318 2967 407 3063 Quo
426 2969 534 3039 animi
554 2966 706 3037 candore
723 2987 830 3062 atque
848 2972 918 3041 oris
939 2969 1138 3044 sinceritate
1158 2979 1313 3068 percitus
1324 2981 1423 3075 Rex,

124 3067 264 3137 tandem
292 3089 433 3138 omnem
463 3065 659 3136 Cranmero
686 3066 943 3160 conjurationis
963 3070 1135 3141 rationem
1157 3076 1291 3168 aperit,
1317 3097 1425 3169 atque
1458 3125 1460 3130 .

124 3161 294 3233 exhibitis
320 3161 583 3234 accusationum
605 3158 732 3230 libellis
752 3182 790 3230 ut
812 3164 845 3231 in
866 3163 1099 3236 Accusatores
1117 3170 1292 3262 inquirat,
1322 3175 1423 3246 &de

124 3255 285 3329 hostibus
303 3257 370 3328 suis
388 3255 580 3329 vindislam
600 3256 734 3341 sumat,
754 3279 881 3351 urget,
900 3262 995 3352 quod
1015 3263 1181 3333 ultimum
1203 3287 1318 3338 tamen
1334 3269 1422 3342 adei>

124 3348 145 3422 al
172 3351 226 3445 se,
262 3354 415 3451 suoque,
445 3356 502 3427 cui
524 3372 695 3450 praeerat,
723 3376 866 3424 munere
884 3355 1034 3428 alienum
1053 3360 1287 3434 arbitrabatur
1306 3365 1421 3439 Cran-

122 3472 258 3540 merus,
293 3472 334 3524 ut
361 3453 479 3545 potius
505 3475 563 3523 eos
590 3474 663 3546 quo
689 3448 907 3543 inposterum
929 3450 989 3521 fibi
1010 3477 1173 3527 caverent
1192 3465 1421 3559 admoneret,

121 3565 227 3639 atque
252 3567 292 3617 ut
319 3547 546 3621 fideliores&
567 3549 678 3642 magis
696 3550 775 3639 pios
793 3544 824 3618 se
843 3547 1069 3644 praestarent,
1095 3555 1207 3648 quid?
1236 3561 1330 3651 quod
1352 3586 1417 3655 pro

121 3665 243 3713 eorum
271 3666 342 3713 uno
361 3647 420 3738 qui
440 3647 554 3741 Regis
571 3642 739 3720 offensam
760 3645 976 3737 incurrerat,
1011 3649 1086 3743 ejus
1105 3654 1254 3749 gratiam
1274 3657 1421 3752 injuria.

710 3742 829 3836 qu
1339 3777 1420 3828 rum

164 3871 211 3950 (a)
236 3867 298 3931 vid.
314 3867 528 3937 BURNET.
545 3873 596 3935 lib.
614 3874 667 3938 cit.
685 3873 745 3942 fol.
757 3874 826 3940 180.
852 3895 890 3941 ex
906 3874 1151 3960 Antiquitatibus
1168 3876 1371 3964 Britannicis,
1387 3884 1418 3947 dt

123 3952 236 4037 Rapio.
251 3950 501 4021 THOYRAZ.
523 3977 553 4038 p.
569 3971 642 4040 433.
659 3972 731 4040 434.
