3322 4456
744 285 851 378 (2n)

147 414 306 493 Sabaoth
326 412 525 512 pauxillum
543 407 683 483 seminis
702 411 869 506 reliquit,
895 432 968 506 quo
986 406 1140 506 segetem
1159 412 1373 491 uberrimam
1392 439 1448 501 re·

146 515 301 590 dituram
319 514 532 609 speramus.⁸
553 507 687 580 Eadem
707 508 801 579 enim
820 506 871 578 est
890 506 1048 580 coelestis
1066 510 1168 605 grani
1187 515 1261 604 vis,
1290 538 1371 610 quae
1389 512 1446 610 sy·

145 616 270 711 napis,
304 608 401 705 quod
428 607 591 680 omnium
610 603 780 678 seminum
800 602 851 676 est
867 604 976 701 longe
995 605 1205 678 minimum:
1238 611 1308 681 huc
1329 631 1447 683 tamen

145 713 267 800 venit,
301 725 343 778 ut
368 704 588 793 arborescat,
624 704 661 775 δι
679 702 803 773 avibus
820 702 908 773 coeli
928 702 1241 780 variisventorum
1262 705 1445 779 seditioni·

145 804 213 879 bus
226 803 365 901 jablatis
382 801 496 875 sedem
516 800 655 873 firmam
674 796 946 893 hospiciumque
963 817 1085 870 tutum
1102 800 1282 871 exhibeat.
1317 804 1446 876 Semen

145 900 239 991 hoc,
266 921 306 972 ut
325 898 462 972 Christi
479 897 595 970 verbis
614 914 715 985 utar,
741 892 792 967 est
809 895 957 966 verbum
969 894 1053 966 Dei.
1080 894 1193 992 Quod
1209 897 1445 972 tametfidum

144 996 231 1069 alids
250 995 321 1069 alib
339 996 456 1087 cadit,
482 1014 652 1092 parvum:
681 990 744 1061 ubi
761 1010 879 1063 tamen
900 993 935 1062 in
955 1012 1083 1063 terram
1102 994 1230 1065 bonam
1251 986 1444 1087 ceciderit,

146 1091 304 1166 sruflum
334 1089 663 1165 abundantissimum
691 1086 820 1161 refert:
857 1090 1017 1185 quamvis
1039 1089 1076 1162 &
1096 1090 1191 1163 hunc
1209 1115 1359 1162 numero
1378 1116 1446 1188 po·

146 1192 219 1262 tius
246 1191 354 1287 quim
374 1190 520 1286 ingenio
539 1185 724 1281 disparem.
768 1186 813 1257 ln
831 1185 901 1258 hoc
920 1186 1063 1280 inquam
1084 1187 1194 1259 verbo
1213 1191 1369 1285 requiem
1389 1192 1445 1261 vi·

146 1289 506 1382 tamque'inveniunt
533 1285 669 1355 milerae
697 1280 902 1354 mortalium
931 1304 1096 1374 mentes,
1128 1306 1209 1380 quae
1236 1309 1308 1357 non
1334 1287 1446 1359 modo

146 1383 254 1480 hujus
273 1384 449 1456 immundi
467 1380 590 1454 mundi
609 1378 846 1475 tumultibus,
866 1403 991 1452 verum
1010 1377 1143 1452 infidiis
1157 1384 1262 1454 etiam
1281 1381 1447 1478 spiritua·

144 1480 234 1554 lium
253 1481 491 1578 nequitiarum
511 1478 745 1551 divexentur:
779 1476 922 1571 hocque
938 1478 1048 1566 adeo,
1074 1497 1115 1548 ut
1130 1480 1235 1574 juxta
1253 1482 1447 1575 Prophetae

144 1577 320 1669 verbum,
356 1574 636 1651 consolationem
662 1597 735 1646 non
760 1574 960 1669 recipiant,
985 1572 1049 1646 ni'sr
1069 1575 1256 1671 postquam
1280 1577 1349 1648 Dei
1370 1602 1445 1651 me·

143 1697 262 1750 mores
288 1672 392 1748 snslae
416 1671 562 1746 fuerint.
604 1672 766 1763 Renuit,
801 1673 941 1767 inquit,
975 1670 1252 1747 consolationem
1281 1675 1446 1770 accipere

142 1773 259 1846 anima
277 1797 373 1846 mea:
400 1771 607 1845 recordatus
624 1789 742 1843 autem
761 1767 857 1861 Dei,
882 1768 1090 1843 letificatus
1108 1768 1196 1844 sum.
1232 1771 1329 1868 Quae
1348 1774 1445 1847 enim

142 1892 209 1965 per
226 1869 467 1944 immortalem
487 1869 631 1958 Deum,
650 1866 799 1940 firmitas
816 1885 877 1939 aut
895 1866 1093 1941 consolatio
1113 1870 1148 1940 in
1166 1866 1277 1941 verbo
1292 1871 1447 1945 hominis

142 1965 219 2040 est?
245 1992 329 2041 cum
349 1969 466 2041 omnis
484 1967 595 2038 homo
614 1964 657 2036 srt
674 1962 839 2036 mendax.
857 1964 1080 2038 manifestum
1097 1965 1212 2062 igitur
1229 1965 1294 2058 fit,
1320 1967 1445 2041 huma·

142 2085 226 2134 nam
246 2084 401 2135 mentem
420 2086 494 2134 non
511 2064 577 2134 alia
596 2061 732 2132 ratione
748 2060 974 2154 tranquillam
994 2060 1093 2134 reddi
1113 2061 1229 2155 polle,
1256 2061 1447 2159 quamuno

142 2155 290 2250 soloque
320 2158 390 2228 Dei
419 2154 544 2227 verbo.
587 2156 674 2224 Hoc
699 2174 739 2223 tu
766 2154 860 2224 redle
886 2155 994 2245 facis,
1029 2180 1139 2250 quum
1168 2159 1301 2250 nitide,
1334 2186 1446 2254 pure,

140 2248 329 2349 laudeque
354 2251 539 2347 predicare
565 2250 601 2320 in
620 2249 777 2320 animum
796 2248 920 2342 ducis,
948 2251 1249 2345 quemadmodum
1267 2255 1382 2328 literae
1401 2261 1445 2332 ad

50 2420 56 2431 ,
142 2349 427 2424 Annemundum
457 2347 552 2420 datae
578 2343 749 2436 indicant.
793 2347 907 2443 quue
924 2369 997 2418 non
1017 2345 1087 2419 fine
1104 2348 1268 2442 Theseo,
1294 2370 1336 2422 ut
1353 2353 1446 2426 dici-

142 2465 217 2520 tur.
260 2448 360 2520 Nam
388 2468 473 2522 caro
501 2445 538 2520 ὅ(
565 2440 703 2539 sanguis
730 2443 800 2515 hoc
828 2444 897 2518 tibi
924 2467 995 2515 non
1013 2444 1214 2520 revelarunt
1236 2448 1331 2541 (haec
1350 2451 1445 2524 enim

138 2541 293 2642 jubent,
327 2564 368 2615 ut
390 2544 424 2615 se
443 2543 639 2628 audiamus)
666 2539 721 2612 sed
740 2561 840 2634 pater
859 2541 1016 2615 coelestis
1033 2543 1190 2616 animum
1212 2543 1260 2617 fic
1279 2565 1382 2619 tuum
1401 2548 1447 2622 ad

141 2640 177 2715 se
195 2642 327 2731 traxit,
354 2661 395 2714 ut
413 2643 490 2738 ejus
505 2642 580 2735 jam
599 2636 710 2711 verbo
729 2636 864 2732 fidens,
882 2640 969 2712 alios
986 2663 1131 2811 quoque
1148 2640 1191 2713 ad
1210 2643 1300 2716 hanc
1314 2641 1447 2718 securi·

142 2758 251 2814 tatem
279 2740 402 2835 cupias
421 2738 636 2834 pertrahere.
680 2734 816 2811 Verum
836 2737 922 2811 heus
940 2758 1002 2829 tu,
1030 2763 1059 2810 ae
1089 2737 1232 2811 isicandi
1252 2739 1444 2818 confilium

140 2861 186 2910 ne
203 2835 341 2931 capias,
368 2838 405 2907 ni
430 2838 525 2930 prius
543 2831 662 2906 sedens
680 2832 870 2929 impensam
889 2859 1032 2908 omnem
1052 2833 1319 2933 supputaveris:
1354 2841 1446 2913 alio·

140 2934 203 3032 qul
223 2932 243 3004 a
260 2932 345 3008 filiis
364 2933 469 3031 hujus
486 2930 721 3021 seculi,-dum
742 2934 778 3002 in
797 2933 916 3005 medio
934 2929 1077 3008 fervore
1095 2959 1185 3030 opus
1204 2935 1334 3027 suerit,
1354 2937 1446 3036 ipse-

140 3055 211 3126 que
236 3054 353 3104 rerum
382 3031 503 3126 inopia
529 3028 573 3102 ab
599 3053 642 3100 eo
669 3052 857 3104 revocatus
885 3031 973 3122 eris,
1000 3031 1042 3104 ad
1062 3033 1157 3105 hunc
1177 3034 1346 3120 rideberis
1365 3059 1444 3107 mo·

140 3128 248 3200 dum:
285 3128 362 3200 Hic
381 3129 492 3203 horno
510 3125 628 3222 coepit
646 3125 845 3217 aedificare,
874 3129 911 3202 δε
929 3126 1108 3202 absolvere
1124 3133 1302 3224 nequivit.
1345 3133 1445 3224 Quae

140 3240 177 3295 te
193 3224 436 3316 contumelia,
462 3224 525 3296 nisr
546 3222 774 3294 vehementer
791 3224 1001 3314 incalueris,
1026 3249 1168 3296 manum
1188 3227 1232 3297 ab
1252 3248 1368 3300 aratro
1387 3254 1443 3302 re·

140 3319 302 3410 trahere,
337 3323 445 3415 inque
469 3322 546 3395 salis
573 3319 728 3415 lapidem
749 3321 912 3391 converti
933 3320 1059 3397 faciet:
1090 3343 1130 3394 ut
1150 3321 1194 3393 sal
1214 3323 1340 3397 deinde
1359 3324 1445 3423 fias,

140 3419 203 3513 qui
231 3418 414 3512 ingenium
442 3421 630 3508 amittens,
658 3416 844 3512 plusquam
864 3415 1001 3488 fatuum
1020 3416 1095 3490 est?
1132 3419 1223 3494 Sunt
1242 3443 1360 3496 autem
1381 3426 1443 3498 ad·

138 3513 256 3587 versus
275 3515 339 3586 hos
360 3513 475 3588 hostes
493 3540 600 3613 opes,
618 3539 734 3605 arma,
754 3533 1007 3611 comeatusque
1025 3518 1181 3610 parandi.
1210 3521 1333 3591 Primo
1353 3547 1443 3598 con·

139 3632 195 3685 tra
222 3608 506 3701 Antichristum,
541 3615 601 3708 qui
630 3632 671 3685 ut
695 3613 729 3684 se
753 3611 886 3683 extulit
913 3612 1014 3709 supra
1037 3639 1181 3687 omnem
1202 3619 1366 3711 cultum,
1392 3627 1445 3700 ita

139 3710 242 3783 Deus
264 3709 336 3780 dici
354 3729 469 3799 amat,
490 3710 686 3784 &verbum
708 3710 806 3781 suum
830 3709 1002 3782 Numinis
1022 3713 1104 3785 loco
1120 3718 1233 3788 vereri
1251 3708 1442 3816 praecipit,

141 3805 279 3884 tametsi
301 3807 488 3907 plusquam
508 3812 552 3886 sle
569 3804 624 3882 elul
642 3806 787 3981 radul}
799 3808 911 3884 verbo
930 3810 1002 3885 Dei
1022 3809 1190 3890 dissideat.
1226 3815 1264 3889 Si
1282 3838 1378 3888 nunc
1396 3818 1443 3889 si·

650 3920 652 3924 ‘
810 3920 834 4005 '3
1356 3912 1444 3992 delis
