3322 4456
764 289 871 386 lm)

166 441 209 498 ut
228 446 301 498 tem
321 419 456 497 summe
475 414 641 489 illicitam
660 412 960 488 condemnabant.
1003 407 1186 484 Dicebant
1204 410 1298 486 enim
1320 412 1376 506 (ut
1393 405 1470 484 ansi

165 523 271 595 maiia
298 521 431 593 ventris
456 512 551 598 sunt)
580 510 726 585 forsitan
753 512 883 607 amodo
910 533 983 587 nou
1008 507 1247 605 hospitabitur
1273 511 1310 585 ἃ
1328 508 1470 584 reficiet

168 642 255 692 nos:
283 615 395 710 magis
415 621 471 702 (ut
490 610 605 697 vides)
624 612 789 682 timentes
807 632 951 681 coenam
968 629 1073 691 unam
1093 607 1259 700 perdere,
1276 606 1470 704 quimani÷

169 736 306 786 marum
335 709 514 803 hospitum
539 709 814 779 damnationem.
856 702 1016 777 Tametsi
1043 704 1181 774 nullum
1206 703 1378 796 viderim,
1404 702 1468 800 qui

169 811 277 882 suerit
297 806 472 878 minusad
491 802 767 895 hospitalitatem
788 803 997 898 proclivior.
1170 808 1174 815 '

218 903 414 977 Cardinalis
432 902 597 996 quidam,
624 902 809 971 Rhomani
828 898 986 996 episcopi
1006 894 1027 966 d
1044 894 1151 970 latere
1170 902 1227 981 (ut
1246 895 1394 984 vocant)
1415 895 1468 969 le·

173 1021 303 1096 gatus,
330 1000 448 1070 voluit
467 1018 507 1069 ut
525 997 583 1068 die
602 998 756 1091 quodam
775 995 911 1070 Christi
929 993 1078 1068 verbum
1097 995 1330 1065 enuntiarem.
1371 993 1469 1065 Mox

174 1098 385 1168 aemulorum
414 1118 574 1166 meorum
603 1096 754 1166 surrexit
782 1094 936 1187 invidia,
971 1092 1123 1163 duorum
1150 1092 1261 1186 praeci
1291 1112 1335 1161 ue
1352 1084 1480 1162 serriu-¹

173 1219 276 1286 rum,
311 1191 485 1289 aquibus
512 1192 678 1286 iniquitas
704 1191 755 1264 est
780 1190 925 1288 egressa.
969 1190 1114 1261 Horum
1135 1212 1224 1261 unus
1281 1184 1469 1260 uardianus

172 1314 271 1363 crat:
307 1293 370 1385 qui
398 1290 456 1361 die
482 1287 614 1360 statuto
640 1289 872 1379 adveniente,
906 1287 982 1358 imb
1010 1285 1176 1382 proxima
1200 1282 1470 1381 evangelizandi

172 1388 260 1459 hora
278 1385 469 1478 insaniens,
487 1385 529 1457 ad
541 1386 738 1461 Cardinalis
755 1383 1123 1480 cucurrit‘palatium,
1142 1381 1324 1478 fassusque
1339 1381 1471 1478 impius

171 1485 348 1576 mendax,
377 1508 434 1555 me
454 1503 632 1579 aegrotum
651 1481 728 1555 sore
745 1481 938 1554 confinxit.
981 1478 1275 1576 Expavescebant
1293 1480 1330 1551 hi
1350 1479 1472 1576 Baby·
1564 1530 1572 1553 .

172 1580 286 1654 lonici
310 1579 428 1672 senes,
462 1604 506 1652 ne
522 1579 636 1653 forsan
655 1579 825 1653 nonsatis
843 1577 1024 1652 Cardinali
1045 1579 1082 1650 bc
1101 1572 1365 1674 magistratibus
1382 1575 1472 1648 adu·

172 1677 274 1751 later.
301 1679 474 1774 Dumque
491 1675 703 1773 praedistum
724 1675 971 1751 Guatdiauum
990 1675 1239 1768 admonerem,
1258 1671 1472 1753 carceres&

171 1794 354 1850 tormenta
387 1775 687 1849 comminabatur.
743 1777 778 1850 Is
809 1773 1039 1874 postmodum
1077 1772 1236 1845 minister
1268 1769 1470 1868 provinciae

169 1871 310 1965 fastus,
354 1873 513 1968 pristinae
541 1872 772 1970 malignitatis
799 1898 871 1946 non
898 1875 1110 1963 immemor,
1142 1870 1326 1943 adversum
1355 1884 1471 1961 meas,

171 1971 259 2042 velit
286 1970 399 2063 nolit,
434 1971 507 2066 pias
536 1971 574 2044 δε
597 1973 904 2063 vetas'conciones
921 1969 1083 2065 quaedam
1102 1967 1252 2065 scripsit.
1294 1966 1405 2041 Unde
1422 1965 1472 2041 ti·
1498 1967 1499 1970 ’

171 2090 271 2137 mens
295 2069 486 2158 aliquando
512 2069 548 2138 in
573 2091 699 2140 eorum
727 2070 941 2165 quandoque
966 2089 1088 2138 manus
1113 2067 1298 2157 incidere,
1342 2066 1380 2139 ὃ(
1406 2087 1473 2162 pet·

75 2245 80 2264 .
168 2159 294 2229 omnia
311 2161 448 2230 inutilis
464 2159 565 2249 sieri,
590 2183 714 2232 eorum
733 2164 1041 2232 conversationem
1061 2160 1230 2253 proposui
1248 2159 1474 2255 derelinque·

170 2278 233 2346 re,
268 2253 306 2329 bc
331 2253 409 2327 sieri
428 2253 694 2329 Carthuhanus.
736 2256 929 2330 Timebam
947 2257 1064 2346 enim,
1091 2255 1134 2325 ad
1152 2277 1384 2327 communem
1404 2256 1473 2327 ho·

173 2354 313 2425 minum
339 2351 453 2427 redire
479 2351 809 2448 conversationem,
838 2378 883 2428 ne
900 2351 1070 2427 univerfis
1088 2351 1317 2449 regionibus,
1344 2350 1475 2449 quibus

173 2448 309 2522 Christi
337 2451 486 2526 verbum
510 2451 810 2547 praedicaveram,
834 2451 997 2525 scandalo
1014 2448 1142 2523 sorem.
1183 2448 1361 2522 Dicebam
1380 2470 1473 2546 quo·

170 2569 264 2643 que:
302 2545 327 2618 fi
354 2572 426 2637 non
452 2547 590 2644 possum
616 2549 686 2622 Dei
704 2547 846 2645 eloquia
869 2548 1012 2647 populis
1031 2549 1066 2618 in
1084 2569 1172 2644 pace
1190 2548 1379 2639 nunciare,
1406 2543 1473 2619 sal·

172 2665 247 2717 tem
275 2641 405 2717 libellis
424 2668 514 2742 quos
531 2667 661 2740 potero
680 2646 853 2720 edocebo.
896 2647 966 2721 Sed
985 2669 1066 2718 vere
1085 2646 1224 2718 Satanae
1244 2643 1362 2718 illusio
1379 2641 1474 2738 suit,

131 2768 134 2774 ·
173 2740 462 2838 quandoquidem
482 2765 548 2815 nec
566 2740 622 2815 isti
639 2743 771 2842 scripta
787 2767 865 2816 mea
881 2740 1130 2818 sustinuissent.
1193 2759 1199 2769 '
1495 2808 1498 2814 .

219 2839 409 2912 Minoritis
437 2842 581 2913 demum
600 2861 660 2913 me
677 2839 970 2936 perturbantibus
988 2865 1060 2914 non
1078 2841 1182 2938 potui
1201 2840 1244 2914 ad
1264 2838 1474 2914 Carthufitu

170 2961 303 3011 norum
330 2937 492 3010 habitum
515 2938 652 3034 recipi,
680 2940 845 3035 quamvis
861 2962 918 3013 me
935 2938 1151 3034 susceperint
1166 2938 1211 3012 ad
1229 2938 1391 3013 osculum
1412 2962 1476 3035 pa·

171 3035 248 3125 cis,
279 3053 325 3107 ut
350 3034 564 3131 loquuntur.
605 3035 837 3110 Perturbatus
852 3060 940 3134 ergo
956 3036 977 3109 d
996 3034 1259 3129 Carthustanis‚
1286 3037 1475 3133 Minoritis
1500 3045 1503 3053 '

80 3188 84 3194 .
173 3150 261 3201 tunc
289 3133 378 3202 mihi
405 3129 651 3223 adulantibus,
684 3134 773 3204 redii
800 3133 843 3205 ad
868 3133 1102 3207 ministerium
1127 3155 1263 3205 meum.
1306 3137 1358 3205 At
1385 3150 1474 3206 mox

172 3224 342 3298 redeunte
359 3228 493 3321 verbo,
521 3228 640 3326 gravis
658 3251 804 3322 quoque
821 3229 928 3301 rediit
944 3229 1156 3326 persecutio.

221 3322 277 3393 Hi
304 3319 415 3394 libros
439 3348 522 3398 vere
548 3325 807 3420 Evangelicos,
835 3324 1000 3421 theologi
1019 3322 1300 3398 Christianiffimi
1319 3324 1475 3400 Martini

173 3416 352 3508 Lutheri,
386 3443 475 3515 quos
502 3421 695 3514 habebam,
730 3419 976 3512 abstulerunt,
1011 3421 1301 3519 figillaruntque:
1329 3447 1419 3520 quos
1436 3424 1475 3499 iu

173 3516 375 3609 provinciae
401 3519 563 3612 capitulo
589 3543 661 3592 non
689 3516 889 3614 inspedtos,
933 3520 971 3594 δι
999 3520 1061 3591 vix
1087 3517 1107 3592 ὲ
1133 3521 1256 3594 limine
1281 3521 1474 3616 salutatos,

173 3609 479 3706 condemnarunt,
505 3617 543 3690 &
561 3615 848 3690 combusserunt:
876 3614 996 3690 saltem
1019 3614 1099 3691 illos
1117 3618 1236 3717 legere
1251 3636 1477 3715 oportuerat.
1543 3624 1544 3628 ’

172 3705 387 3783 Clamabunt
413 3729 575 3804 tanturn,
605 3715 768 3788 haeretici
788 3711 888 3806 sunt,
916 3714 1078 3789 haeretici
1097 3714 1188 3790 sunt.
1232 3716 1294 3789 Sic
1314 3717 1477 3811 judicant

171 3805 210 3917 bc
238 3807 502 3903 condemnant,
536 3809 635 3908 quod
661 3812 1014 3984 penitusDignorant.
1047 3813 1143 3915 Ego
1168 3812 1393 3890 confidenter
1419 3813 1475 3883 10.⁴

602 3924 604 3929 ’
1367 3928 1476 4006 quar,
