<?xml version="1.0" encoding="UTF-8"?>
<!DOCTYPE html PUBLIC "-//W3C//DTD XHTML 1.0 Transitional//EN"
    "http://www.w3.org/TR/xhtml1/DTD/xhtml1-transitional.dtd">
<html xmlns="http://www.w3.org/1999/xhtml" xml:lang="en" lang="en">
 <head>
  <title>
</title>
<meta http-equiv="Content-Type" content="text/html;charset=utf-8" />
  <meta name='ocr-system' content='tesseract 3.04.00' />
  <meta name='ocr-capabilities' content='ocr_page ocr_carea ocr_par ocr_line ocrx_word'/>
</head>
<body>
  <div class='ocr_page' id='page_1' title='image "./introductioinhi02gerdgoog_0353.png"; bbox 0 0 3322 4456; ppageno 0'>
   <div class='ocr_carea' id='block_1_1' title="bbox 223 305 1519 420">
    <p class='ocr_par' dir='ltr' id='par_1_1' title="bbox 223 305 1519 420">
     <span class='ocr_line' id='line_1_1' title="bbox 223 305 1519 420; baseline 0.008 -36"><span class='ocrx_word' id='word_1_1' title='bbox 223 329 297 409; x_wconf 79' lang='lat'>³24</span> <span class='ocrx_word' id='word_1_2' title='bbox 434 308 816 386; x_wconf 77' lang='lat' dir='ltr'>utsrottta</span> <span class='ocrx_word' id='word_1_3' title='bbox 859 305 1303 387; x_wconf 76' lang='lat' dir='ltr'>uvnucuttr</span> <span class='ocrx_word' id='word_1_4' title='bbox 1354 315 1519 420; x_wconf 59' lang='lat' dir='ltr'>arm,</span> 
     </span>
    </p>
   </div>
   <div class='ocr_carea' id='block_1_2' title="bbox 162 437 1521 2956">
    <p class='ocr_par' dir='ltr' id='par_1_2' title="bbox 162 437 1521 2372">
     <span class='ocr_line' id='line_1_2' title="bbox 220 437 1518 532; baseline 0.009 -20"><span class='ocrx_word' id='word_1_5' title='bbox 220 485 251 529; x_wconf 89' lang='lat'>,‚</span> <span class='ocrx_word' id='word_1_6' title='bbox 273 439 406 513; x_wconf 85' lang='lat' dir='ltr'><strong>minem</strong></span> <span class='ocrx_word' id='word_1_7' title='bbox 434 465 574 532; x_wconf 84' lang='lat' dir='ltr'>acrem,</span> <span class='ocrx_word' id='word_1_8' title='bbox 603 439 640 514; x_wconf 71' lang='grc' dir='ltr'><strong>ἃ</strong></span> <span class='ocrx_word' id='word_1_9' title='bbox 661 438 729 512; x_wconf 91' lang='lat' dir='ltr'>tibi</span> <span class='ocrx_word' id='word_1_10' title='bbox 747 437 944 532; x_wconf 87' lang='lat' dir='ltr'>insensum,</span> <span class='ocrx_word' id='word_1_11' title='bbox 970 461 1052 512; x_wconf 92' lang='lat' dir='ltr'>cum</span> <span class='ocrx_word' id='word_1_12' title='bbox 1073 438 1167 512; x_wconf 87' lang='lat' dir='ltr'>istud</span> <span class='ocrx_word' id='word_1_13' title='bbox 1185 443 1279 516; x_wconf 86' lang='lat' dir='ltr'>idem</span> <span class='ocrx_word' id='word_1_14' title='bbox 1297 447 1365 519; x_wconf 89' lang='lat' dir='ltr'>iter</span> <span class='ocrx_word' id='word_1_15' title='bbox 1382 448 1518 524; x_wconf 83' lang='lat' dir='ltr'>insiste·</span> 
     </span>
     <span class='ocr_line' id='line_1_3' title="bbox 223 535 1519 634; baseline 0.009 -25"><span class='ocrx_word' id='word_1_16' title='bbox 223 582 253 626; x_wconf 87' lang='lat'>,‚</span> <span class='ocrx_word' id='word_1_17' title='bbox 276 559 353 629; x_wconf 86' lang='lat' dir='ltr'>ret,</span> <span class='ocrx_word' id='word_1_18' title='bbox 388 563 461 634; x_wconf 91' lang='lat' dir='ltr'>quo</span> <span class='ocrx_word' id='word_1_19' title='bbox 488 560 527 610; x_wconf 91' lang='lat' dir='ltr'>tu</span> <span class='ocrx_word' id='word_1_20' title='bbox 557 561 652 609; x_wconf 94' lang='lat' dir='ltr'>nunc</span> <span class='ocrx_word' id='word_1_21' title='bbox 681 536 832 630; x_wconf 87' lang='lat' dir='ltr'>vestigia</span> <span class='ocrx_word' id='word_1_22' title='bbox 857 535 1021 630; x_wconf 91' lang='lat' dir='ltr'>sequeris.</span> <span class='ocrx_word' id='word_1_23' title='bbox 1062 536 1142 628; x_wconf 87' lang='lat' dir='ltr'>Qui</span> <span class='ocrx_word' id='word_1_24' title='bbox 1160 538 1227 611; x_wconf 89' lang='lat' dir='ltr'>suis</span> <span class='ocrx_word' id='word_1_25' title='bbox 1243 543 1398 617; x_wconf 85' lang='lat' dir='ltr'>confiliis</span> <span class='ocrx_word' id='word_1_26' title='bbox 1415 549 1519 622; x_wconf 91' lang='lat' dir='ltr'>illum</span> 
     </span>
     <span class='ocr_line' id='line_1_4' title="bbox 221 634 1519 731; baseline 0.011 -27"><span class='ocrx_word' id='word_1_27' title='bbox 221 678 251 723; x_wconf 89' lang='lat'>„</span> <span class='ocrx_word' id='word_1_28' title='bbox 276 638 572 731; x_wconf 84' lang='lat' dir='ltr'>praecipitarunt,</span> <span class='ocrx_word' id='word_1_29' title='bbox 591 655 626 705; x_wconf 89' lang='lat' dir='ltr'>te</span> <span class='ocrx_word' id='word_1_30' title='bbox 645 656 739 705; x_wconf 94' lang='lat' dir='ltr'>nunc</span> <span class='ocrx_word' id='word_1_31' title='bbox 759 634 794 702; x_wconf 91' lang='lat' dir='ltr'>in</span> <span class='ocrx_word' id='word_1_32' title='bbox 811 634 962 704; x_wconf 82' lang='lat' dir='ltr'>exitium</span> <span class='ocrx_word' id='word_1_33' title='bbox 982 657 1102 729; x_wconf 89' lang='lat' dir='ltr'>rapere</span> <span class='ocrx_word' id='word_1_34' title='bbox 1121 657 1316 710; x_wconf 87' lang='lat' dir='ltr'>conantur:</span> <span class='ocrx_word' id='word_1_35' title='bbox 1336 661 1372 713; x_wconf 89' lang='lat' dir='ltr'>te</span> <span class='ocrx_word' id='word_1_36' title='bbox 1388 644 1432 715; x_wconf 85' lang='lat' dir='ltr'>ab</span> <span class='ocrx_word' id='word_1_37' title='bbox 1450 647 1519 717; x_wconf 91' lang='lat' dir='ltr'>ini·</span> 
     </span>
     <span class='ocr_line' id='line_1_5' title="bbox 223 727 1517 832; baseline 0.009 -31"><span class='ocrx_word' id='word_1_38' title='bbox 223 775 252 818; x_wconf 89' lang='lat'>„</span> <span class='ocrx_word' id='word_1_39' title='bbox 276 734 331 802; x_wconf 90' lang='lat' dir='ltr'>tio</span> <span class='ocrx_word' id='word_1_40' title='bbox 350 733 625 826; x_wconf 79' lang='lat' dir='ltr'>impugnarunt,</span> <span class='ocrx_word' id='word_1_41' title='bbox 646 732 742 799; x_wconf 88' lang='lat' dir='ltr'>omni</span> <span class='ocrx_word' id='word_1_42' title='bbox 763 728 858 800; x_wconf 89' lang='lat' dir='ltr'>mole</span> <span class='ocrx_word' id='word_1_43' title='bbox 875 727 945 800; x_wconf 77' lang='lat' dir='ltr'>suae</span> <span class='ocrx_word' id='word_1_44' title='bbox 965 734 1161 824; x_wconf 80' lang='lat' dir='ltr'>potentiae3</span> <span class='ocrx_word' id='word_1_45' title='bbox 1188 757 1284 807; x_wconf 91' lang='lat' dir='ltr'>nunc</span> <span class='ocrx_word' id='word_1_46' title='bbox 1304 740 1517 832; x_wconf 87' lang='lat' dir='ltr'>praviscon·</span> 
     </span>
     <span class='ocr_line' id='line_1_6' title="bbox 222 825 1517 934; baseline 0.011 -38"><span class='ocrx_word' id='word_1_47' title='bbox 222 872 251 913; x_wconf 90' lang='lat'>‚,</span> <span class='ocrx_word' id='word_1_48' title='bbox 279 827 360 898; x_wconf 81' lang='lat' dir='ltr'>filiis</span> <span class='ocrx_word' id='word_1_49' title='bbox 385 850 421 899; x_wconf 91' lang='lat' dir='ltr'>te</span> <span class='ocrx_word' id='word_1_50' title='bbox 446 834 481 898; x_wconf 91' lang='lat' dir='ltr'>in</span> <span class='ocrx_word' id='word_1_51' title='bbox 509 827 665 898; x_wconf 86' lang='lat' dir='ltr'>fraudem</span> <span class='ocrx_word' id='word_1_52' title='bbox 694 825 860 897; x_wconf 90' lang='lat' dir='ltr'>illiciunt.</span> <span class='ocrx_word' id='word_1_53' title='bbox 904 827 1055 897; x_wconf 86' lang='lat' dir='ltr'>Revoca</span> <span class='ocrx_word' id='word_1_54' title='bbox 1081 829 1117 898; x_wconf 92' lang='lat' dir='ltr'>in</span> <span class='ocrx_word' id='word_1_55' title='bbox 1135 851 1288 902; x_wconf 88' lang='lat' dir='ltr'>mentem</span> <span class='ocrx_word' id='word_1_56' title='bbox 1307 832 1517 934; x_wconf 69' lang='lat' dir='ltr'>instoriam,</span> 
     </span>
     <span class='ocr_line' id='line_1_7' title="bbox 223 920 1521 1033; baseline 0.012 -39"><span class='ocrx_word' id='word_1_57' title='bbox 223 968 252 1011; x_wconf 88' lang='lat'>‚‚</span> <span class='ocrx_word' id='word_1_58' title='bbox 279 922 346 995; x_wconf 92' lang='lat' dir='ltr'>tibi</span> <span class='ocrx_word' id='word_1_59' title='bbox 373 924 416 996; x_wconf 90' lang='lat' dir='ltr'>de</span> <span class='ocrx_word' id='word_1_60' title='bbox 442 927 603 1012; x_wconf 80' lang='lat' dir='ltr'>civibus,</span> <span class='ocrx_word' id='word_1_61' title='bbox 640 921 710 991; x_wconf 88' lang='lat' dir='ltr'>fine</span> <span class='ocrx_word' id='word_1_62' title='bbox 736 921 836 992; x_wconf 86' lang='lat' dir='ltr'>caede</span> <span class='ocrx_word' id='word_1_63' title='bbox 862 920 898 994; x_wconf 88' lang='lat'>&amp;</span> <span class='ocrx_word' id='word_1_64' title='bbox 920 921 1111 1016; x_wconf 73' lang='lat' dir='ltr'>sanguine3</span> <span class='ocrx_word' id='word_1_65' title='bbox 1138 925 1181 995; x_wconf 91' lang='lat' dir='ltr'>de</span> <span class='ocrx_word' id='word_1_66' title='bbox 1199 927 1382 1021; x_wconf 84' lang='lat' dir='ltr'>hostibus,</span> <span class='ocrx_word' id='word_1_67' title='bbox 1410 935 1521 1033; x_wconf 88' lang='lat' dir='ltr'>longe</span> 
     </span>
     <span class='ocr_line' id='line_1_8' title="bbox 221 1016 1519 1117; baseline 0.013 -29"><span class='ocrx_word' id='word_1_68' title='bbox 221 1021 468 1117; x_wconf 89' lang='lat' dir='ltr'>„majoribus</span> <span class='ocrx_word' id='word_1_69' title='bbox 496 1022 611 1113; x_wconf 88' lang='lat' dir='ltr'>copiis</span> <span class='ocrx_word' id='word_1_70' title='bbox 638 1016 758 1108; x_wconf 88' lang='lat' dir='ltr'>fretis,</span> <span class='ocrx_word' id='word_1_71' title='bbox 792 1040 875 1088; x_wconf 92' lang='lat' dir='ltr'>cum</span> <span class='ocrx_word' id='word_1_72' title='bbox 902 1020 1041 1113; x_wconf 82' lang='lat' dir='ltr'>ingenti</span> <span class='ocrx_word' id='word_1_73' title='bbox 1060 1039 1122 1090; x_wconf 90' lang='lat' dir='ltr'>tua</span> <span class='ocrx_word' id='word_1_74' title='bbox 1138 1021 1275 1117; x_wconf 87' lang='lat' dir='ltr'>gloria,</span> <span class='ocrx_word' id='word_1_75' title='bbox 1302 1030 1457 1103; x_wconf 83' lang='lat' dir='ltr'>maxima</span> <span class='ocrx_word' id='word_1_76' title='bbox 1476 1036 1519 1105; x_wconf 89' lang='lat' dir='ltr'>il·</span> 
     </span>
     <span class='ocr_line' id='line_1_9' title="bbox 222 1111 1518 1224; baseline 0.014 -40"><span class='ocrx_word' id='word_1_77' title='bbox 222 1162 250 1205; x_wconf 90' lang='lat'>„</span> <span class='ocrx_word' id='word_1_78' title='bbox 276 1116 391 1187; x_wconf 93' lang='lat' dir='ltr'>lorum</span> <span class='ocrx_word' id='word_1_79' title='bbox 415 1119 631 1214; x_wconf 82' lang='lat' dir='ltr'>ignominia,</span> <span class='ocrx_word' id='word_1_80' title='bbox 658 1111 870 1185; x_wconf 76' lang='lat' dir='ltr'>concellum.</span> <span class='ocrx_word' id='word_1_81' title='bbox 912 1114 1178 1206; x_wconf 88' lang='lat' dir='ltr'>Remiuiscere,</span> <span class='ocrx_word' id='word_1_82' title='bbox 1204 1143 1362 1212; x_wconf 86' lang='lat' dir='ltr'>quorum</span> <span class='ocrx_word' id='word_1_83' title='bbox 1383 1127 1418 1198; x_wconf 94' lang='lat' dir='ltr'>in</span> <span class='ocrx_word' id='word_1_84' title='bbox 1436 1151 1518 1224; x_wconf 87' lang='lat' dir='ltr'>gra·</span> 
     </span>
     <span class='ocr_line' id='line_1_10' title="bbox 220 1211 1519 1313; baseline 0.012 -29"><span class='ocrx_word' id='word_1_85' title='bbox 220 1215 361 1301; x_wconf 83' lang='lat' dir='ltr'>„tiam</span> <span class='ocrx_word' id='word_1_86' title='bbox 392 1215 511 1284; x_wconf 89' lang='lat' dir='ltr'>Deum</span> <span class='ocrx_word' id='word_1_87' title='bbox 539 1211 692 1298; x_wconf 87' lang='lat' dir='ltr'>deseras,</span> <span class='ocrx_word' id='word_1_88' title='bbox 726 1212 763 1282; x_wconf 90' lang='lat'>&amp;</span> <span class='ocrx_word' id='word_1_89' title='bbox 789 1213 923 1282; x_wconf 88' lang='lat' dir='ltr'>amicos</span> <span class='ocrx_word' id='word_1_90' title='bbox 947 1234 1156 1307; x_wconf 86' lang='lat' dir='ltr'>oppugnes:</span> <span class='ocrx_word' id='word_1_91' title='bbox 1190 1219 1436 1313; x_wconf 83' lang='lat' dir='ltr'>expergiscere</span> <span class='ocrx_word' id='word_1_92' title='bbox 1453 1226 1519 1299; x_wconf 91' lang='lat' dir='ltr'>ali·</span> 
     </span>
     <span class='ocr_line' id='line_1_11' title="bbox 222 1306 1520 1414; baseline 0.013 -36"><span class='ocrx_word' id='word_1_93' title='bbox 222 1354 250 1398; x_wconf 91' lang='lat'>„</span> <span class='ocrx_word' id='word_1_94' title='bbox 275 1311 440 1402; x_wconf 89' lang='lat' dir='ltr'>quando,</span> <span class='ocrx_word' id='word_1_95' title='bbox 475 1311 512 1380; x_wconf 90' lang='lat'>&amp;</span> <span class='ocrx_word' id='word_1_96' title='bbox 537 1309 718 1395; x_wconf 83' lang='lat' dir='ltr'>tenebras,</span> <span class='ocrx_word' id='word_1_97' title='bbox 752 1306 821 1377; x_wconf 89' lang='lat' dir='ltr'>tibi</span> <span class='ocrx_word' id='word_1_98' title='bbox 847 1332 866 1378; x_wconf 94' lang='lat' dir='ltr'>a</span> <span class='ocrx_word' id='word_1_99' title='bbox 890 1306 1029 1380; x_wconf 81' lang='lat' dir='ltr'>nefariis</span> <span class='ocrx_word' id='word_1_100' title='bbox 1048 1309 1251 1384; x_wconf 89' lang='lat' dir='ltr'>hominibus</span> <span class='ocrx_word' id='word_1_101' title='bbox 1268 1317 1520 1414; x_wconf 75' lang='lat' dir='ltr'>circumfusas,</span> 
     </span>
     <span class='ocr_line' id='line_1_12' title="bbox 222 1403 1518 1503; baseline 0.012 -27"><span class='ocrx_word' id='word_1_102' title='bbox 222 1406 423 1494; x_wconf 81' lang='lat' dir='ltr'>„discute</span> <span class='ocrx_word' id='word_1_103' title='bbox 466 1407 632 1497; x_wconf 88' lang='lat' dir='ltr'>Propone</span> <span class='ocrx_word' id='word_1_104' title='bbox 657 1403 724 1474; x_wconf 92' lang='lat' dir='ltr'>tibi</span> <span class='ocrx_word' id='word_1_105' title='bbox 751 1424 832 1473; x_wconf 86' lang='lat' dir='ltr'>ante</span> <span class='ocrx_word' id='word_1_106' title='bbox 857 1405 983 1476; x_wconf 90' lang='lat' dir='ltr'>oculos</span> <span class='ocrx_word' id='word_1_107' title='bbox 1010 1406 1152 1478; x_wconf 84' lang='lat' dir='ltr'>Saulem</span> <span class='ocrx_word' id='word_1_108' title='bbox 1176 1407 1302 1503; x_wconf 91' lang='lat' dir='ltr'>illurn,</span> <span class='ocrx_word' id='word_1_109' title='bbox 1329 1413 1518 1492; x_wconf 66' lang='lat' dir='ltr'>lsradlitici</span> 
     </span>
     <span class='ocr_line' id='line_1_13' title="bbox 221 1499 1519 1598; baseline 0.012 -26"><span class='ocrx_word' id='word_1_110' title='bbox 221 1504 412 1596; x_wconf 86' lang='lat' dir='ltr'>„generis</span> <span class='ocrx_word' id='word_1_111' title='bbox 446 1503 620 1596; x_wconf 90' lang='lat' dir='ltr'>Regem,</span> <span class='ocrx_word' id='word_1_112' title='bbox 660 1523 705 1569; x_wconf 85' lang='lat' dir='ltr'>ex</span> <span class='ocrx_word' id='word_1_113' title='bbox 743 1499 870 1570; x_wconf 85' lang='lat' dir='ltr'>infimo</span> <span class='ocrx_word' id='word_1_114' title='bbox 896 1500 979 1574; x_wconf 92' lang='lat' dir='ltr'>loco</span> <span class='ocrx_word' id='word_1_115' title='bbox 1008 1503 1044 1574; x_wconf 90' lang='lat' dir='ltr'>in</span> <span class='ocrx_word' id='word_1_116' title='bbox 1070 1501 1272 1598; x_wconf 89' lang='lat' dir='ltr'>supremum</span> <span class='ocrx_word' id='word_1_117' title='bbox 1300 1513 1519 1589; x_wconf 89' lang='lat' dir='ltr'>translatum.</span> 
     </span>
     <span class='ocr_line' id='line_1_14' title="bbox 221 1596 1520 1694; baseline 0.014 -27"><span class='ocrx_word' id='word_1_118' title='bbox 221 1599 422 1690; x_wconf 84' lang='lat' dir='ltr'>„Quanta</span> <span class='ocrx_word' id='word_1_119' title='bbox 450 1600 550 1670; x_wconf 91' lang='lat' dir='ltr'>illum</span> <span class='ocrx_word' id='word_1_120' title='bbox 577 1596 825 1691; x_wconf 88' lang='lat' dir='ltr'>indulgentia,</span> <span class='ocrx_word' id='word_1_121' title='bbox 859 1596 932 1692; x_wconf 88' lang='lat' dir='ltr'>legi</span> <span class='ocrx_word' id='word_1_122' title='bbox 958 1598 1030 1670; x_wconf 85' lang='lat' dir='ltr'>suae</span> <span class='ocrx_word' id='word_1_123' title='bbox 1056 1600 1304 1694; x_wconf 86' lang='lat' dir='ltr'>obedientem,</span> <span class='ocrx_word' id='word_1_124' title='bbox 1340 1608 1442 1682; x_wconf 86' lang='lat' dir='ltr'>Deus</span> <span class='ocrx_word' id='word_1_125' title='bbox 1467 1613 1520 1684; x_wconf 88' lang='lat' dir='ltr'>est</span> 
     </span>
     <span class='ocr_line' id='line_1_15' title="bbox 221 1691 1518 1801; baseline 0.009 -36"><span class='ocrx_word' id='word_1_126' title='bbox 221 1694 482 1791; x_wconf 83' lang='lat' dir='ltr'>„prosecutus</span> <span class='ocrx_word' id='word_1_127' title='bbox 493 1727 506 1781; x_wconf 77' lang='lat'>3</span> <span class='ocrx_word' id='word_1_128' title='bbox 535 1695 672 1789; x_wconf 89' lang='lat' dir='ltr'>quantis</span> <span class='ocrx_word' id='word_1_129' title='bbox 691 1691 837 1765; x_wconf 87' lang='lat' dir='ltr'>miseriis</span> <span class='ocrx_word' id='word_1_130' title='bbox 855 1693 1029 1784; x_wconf 89' lang='lat' dir='ltr'>eundem,</span> <span class='ocrx_word' id='word_1_131' title='bbox 1055 1714 1237 1788; x_wconf 85' lang='lat' dir='ltr'>praecepta</span> <span class='ocrx_word' id='word_1_132' title='bbox 1255 1698 1312 1770; x_wconf 87' lang='lat' dir='ltr'>sua</span> <span class='ocrx_word' id='word_1_133' title='bbox 1330 1705 1518 1801; x_wconf 87' lang='lat' dir='ltr'>negligen-</span> 
     </span>
     <span class='ocr_line' id='line_1_16' title="bbox 162 1788 1516 1895; baseline 0.007 -33"><span class='ocrx_word' id='word_1_134' title='bbox 162 1872 166 1879; x_wconf 89' lang='lat'>.</span> <span class='ocrx_word' id='word_1_135' title='bbox 221 1839 251 1883; x_wconf 91' lang='lat'>„</span> <span class='ocrx_word' id='word_1_136' title='bbox 276 1814 370 1881; x_wconf 90' lang='lat' dir='ltr'>tem,</span> <span class='ocrx_word' id='word_1_137' title='bbox 397 1792 601 1863; x_wconf 83' lang='lat' dir='ltr'>involverit.</span> <span class='ocrx_word' id='word_1_138' title='bbox 628 1788 766 1863; x_wconf 85' lang='lat' dir='ltr'>Confer</span> <span class='ocrx_word' id='word_1_139' title='bbox 782 1809 921 1860; x_wconf 88' lang='lat' dir='ltr'>tuarum</span> <span class='ocrx_word' id='word_1_140' title='bbox 939 1811 1079 1880; x_wconf 88' lang='lat' dir='ltr'>rerum,</span> <span class='ocrx_word' id='word_1_141' title='bbox 1105 1790 1147 1862; x_wconf 92' lang='lat' dir='ltr'>ad</span> <span class='ocrx_word' id='word_1_142' title='bbox 1167 1792 1516 1895; x_wconf 86' lang='lat' dir='ltr'>huncusquediem,</span> 
     </span>
     <span class='ocr_line' id='line_1_17' title="bbox 220 1881 1518 1982; baseline 0.007 -22"><span class='ocrx_word' id='word_1_143' title='bbox 220 1939 250 1981; x_wconf 93' lang='lat'>‚‚</span> <span class='ocrx_word' id='word_1_144' title='bbox 274 1887 491 1978; x_wconf 77' lang='lat' dir='ltr'>successum,</span> <span class='ocrx_word' id='word_1_145' title='bbox 510 1912 592 1960; x_wconf 88' lang='lat' dir='ltr'>cum</span> <span class='ocrx_word' id='word_1_146' title='bbox 614 1888 716 1958; x_wconf 89' lang='lat' dir='ltr'>rebus</span> <span class='ocrx_word' id='word_1_147' title='bbox 734 1886 828 1958; x_wconf 91' lang='lat' dir='ltr'>illius</span> <span class='ocrx_word' id='word_1_148' title='bbox 846 1881 1041 1982; x_wconf 86' lang='lat' dir='ltr'>prosperis:</span> <span class='ocrx_word' id='word_1_149' title='bbox 1068 1908 1133 1977; x_wconf 88' lang='lat' dir='ltr'>ac,</span> <span class='ocrx_word' id='word_1_150' title='bbox 1149 1886 1213 1958; x_wconf 86' lang='lat' dir='ltr'>uifi</span> <span class='ocrx_word' id='word_1_151' title='bbox 1232 1889 1419 1965; x_wconf 89' lang='lat' dir='ltr'>confilium</span> <span class='ocrx_word' id='word_1_152' title='bbox 1435 1921 1518 1970; x_wconf 88' lang='lat' dir='ltr'>mu·</span> 
     </span>
     <span class='ocr_line' id='line_1_18' title="bbox 220 1981 1517 2086; baseline 0.008 -29"><span class='ocrx_word' id='word_1_153' title='bbox 220 2035 250 2080; x_wconf 92' lang='lat'>,‚</span> <span class='ocrx_word' id='word_1_154' title='bbox 275 1988 423 2075; x_wconf 84' lang='lat' dir='ltr'>taveris,</span> <span class='ocrx_word' id='word_1_155' title='bbox 457 1985 570 2056; x_wconf 87' lang='lat' dir='ltr'>nihilo</span> <span class='ocrx_word' id='word_1_156' title='bbox 589 1984 807 2072; x_wconf 85' lang='lat' dir='ltr'>feliciorem,</span> <span class='ocrx_word' id='word_1_157' title='bbox 832 1984 908 2053; x_wconf 91' lang='lat' dir='ltr'>imo</span> <span class='ocrx_word' id='word_1_158' title='bbox 925 1981 1159 2075; x_wconf 88' lang='lat' dir='ltr'>deteriorem,</span> <span class='ocrx_word' id='word_1_159' title='bbox 1184 1987 1323 2059; x_wconf 87' lang='lat' dir='ltr'>exitum</span> <span class='ocrx_word' id='word_1_160' title='bbox 1341 1989 1517 2086; x_wconf 66' lang='lat' dir='ltr'>exsposta.</span> 
     </span>
     <span class='ocr_line' id='line_1_19' title="bbox 221 2077 1518 2188; baseline 0.009 -36"><span class='ocrx_word' id='word_1_161' title='bbox 221 2131 250 2174; x_wconf 89' lang='lat'>,‚</span> <span class='ocrx_word' id='word_1_162' title='bbox 276 2081 377 2171; x_wconf 91' lang='lat' dir='ltr'>Quid</span> <span class='ocrx_word' id='word_1_163' title='bbox 397 2083 490 2153; x_wconf 89' lang='lat' dir='ltr'>enim</span> <span class='ocrx_word' id='word_1_164' title='bbox 514 2084 573 2154; x_wconf 88' lang='lat' dir='ltr'>ille</span> <span class='ocrx_word' id='word_1_165' title='bbox 590 2080 809 2177; x_wconf 83' lang='lat' dir='ltr'>defignavit,</span> <span class='ocrx_word' id='word_1_166' title='bbox 837 2080 939 2176; x_wconf 90' lang='lat' dir='ltr'>quale</span> <span class='ocrx_word' id='word_1_167' title='bbox 955 2099 995 2152; x_wconf 91' lang='lat' dir='ltr'>tu</span> <span class='ocrx_word' id='word_1_168' title='bbox 1013 2103 1109 2153; x_wconf 90' lang='lat' dir='ltr'>nunc</span> <span class='ocrx_word' id='word_1_169' title='bbox 1125 2077 1232 2168; x_wconf 83' lang='lat' dir='ltr'>sacis,</span> <span class='ocrx_word' id='word_1_170' title='bbox 1258 2083 1365 2182; x_wconf 90' lang='lat' dir='ltr'>idque</span> <span class='ocrx_word' id='word_1_171' title='bbox 1381 2089 1417 2159; x_wconf 91' lang='lat' dir='ltr'>in</span> <span class='ocrx_word' id='word_1_172' title='bbox 1435 2113 1518 2188; x_wconf 88' lang='lat' dir='ltr'>gra·</span> 
     </span>
     <span class='ocr_line' id='line_1_20' title="bbox 220 2175 1521 2287; baseline 0.011 -37"><span class='ocrx_word' id='word_1_173' title='bbox 220 2228 248 2272; x_wconf 89' lang='lat'>„</span> <span class='ocrx_word' id='word_1_174' title='bbox 273 2182 359 2252; x_wconf 89' lang='lat' dir='ltr'>tiam</span> <span class='ocrx_word' id='word_1_175' title='bbox 389 2180 574 2251; x_wconf 90' lang='lat' dir='ltr'>bominum</span> <span class='ocrx_word' id='word_1_176' title='bbox 594 2175 931 2271; x_wconf 82' lang='lat' dir='ltr'>scelestissimorum,</span> <span class='ocrx_word' id='word_1_177' title='bbox 957 2179 1019 2276; x_wconf 91' lang='lat' dir='ltr'>qui</span> <span class='ocrx_word' id='word_1_178' title='bbox 1035 2201 1149 2277; x_wconf 89' lang='lat' dir='ltr'>neque</span> <span class='ocrx_word' id='word_1_179' title='bbox 1168 2179 1306 2279; x_wconf 84' lang='lat' dir='ltr'>flagitia</span> <span class='ocrx_word' id='word_1_180' title='bbox 1322 2182 1381 2258; x_wconf 88' lang='lat' dir='ltr'>sua</span> <span class='ocrx_word' id='word_1_181' title='bbox 1398 2207 1521 2287; x_wconf 89' lang='lat' dir='ltr'>tegere</span> 
     </span>
     <span class='ocr_line' id='line_1_21' title="bbox 218 2275 1167 2372; baseline 0.002 -25"><span class='ocrx_word' id='word_1_182' title='bbox 218 2328 246 2372; x_wconf 88' lang='lat'>,‚</span> <span class='ocrx_word' id='word_1_183' title='bbox 272 2276 437 2372; x_wconf 79' lang='lat' dir='ltr'>poliunt,</span> <span class='ocrx_word' id='word_1_184' title='bbox 463 2301 527 2349; x_wconf 91' lang='lat' dir='ltr'>nec</span> <span class='ocrx_word' id='word_1_185' title='bbox 545 2275 755 2348; x_wconf 86' lang='lat' dir='ltr'>dillimulare</span> <span class='ocrx_word' id='word_1_186' title='bbox 772 2276 893 2348; x_wconf 87' lang='lat' dir='ltr'>saltem</span> <span class='ocrx_word' id='word_1_187' title='bbox 912 2277 1119 2350; x_wconf 84' lang='lat' dir='ltr'>conantur?</span> <span class='ocrx_word' id='word_1_188' title='bbox 1139 2330 1167 2372; x_wconf 92' lang='lat'>„</span> 
     </span>
    </p>

    <p class='ocr_par' dir='ltr' id='par_1_3' title="bbox 217 2374 1517 2956">
     <span class='ocr_line' id='line_1_22' title="bbox 267 2374 1517 2476; baseline 0.007 -29"><span class='ocrx_word' id='word_1_189' title='bbox 267 2374 350 2447; x_wconf 88' lang='lat' dir='ltr'>Hac</span> <span class='ocrx_word' id='word_1_190' title='bbox 376 2374 619 2447; x_wconf 89' lang='lat' dir='ltr'>admonitione</span> <span class='ocrx_word' id='word_1_191' title='bbox 646 2374 798 2446; x_wconf 90' lang='lat' dir='ltr'>hominis</span> <span class='ocrx_word' id='word_1_192' title='bbox 824 2376 929 2445; x_wconf 83' lang='lat' dir='ltr'>amici</span> <span class='ocrx_word' id='word_1_193' title='bbox 958 2377 1093 2448; x_wconf 82' lang='lat' dir='ltr'>Prorex</span> <span class='ocrx_word' id='word_1_194' title='bbox 1113 2397 1253 2468; x_wconf 90' lang='lat' dir='ltr'>motus,</span> <span class='ocrx_word' id='word_1_195' title='bbox 1278 2376 1454 2476; x_wconf 81' lang='lat' dir='ltr'>rescripsit</span> <span class='ocrx_word' id='word_1_196' title='bbox 1473 2383 1517 2457; x_wconf 89' lang='lat' dir='ltr'>ad</span> 
     </span>
     <span class='ocr_line' id='line_1_23' title="bbox 219 2470 1517 2569; baseline 0.008 -25"><span class='ocrx_word' id='word_1_197' title='bbox 219 2524 247 2568; x_wconf 88' lang='lat'>„</span> <span class='ocrx_word' id='word_1_198' title='bbox 272 2470 520 2559; x_wconf 71' lang='lat' dir='ltr'>Cardinalem3</span> <span class='ocrx_word' id='word_1_199' title='bbox 545 2473 609 2545; x_wconf 89' lang='lat' dir='ltr'>Ne</span> <span class='ocrx_word' id='word_1_200' title='bbox 625 2470 662 2542; x_wconf 92' lang='lat' dir='ltr'>id</span> <span class='ocrx_word' id='word_1_201' title='bbox 678 2470 855 2565; x_wconf 89' lang='lat' dir='ltr'>judicium</span> <span class='ocrx_word' id='word_1_202' title='bbox 877 2476 1142 2569; x_wconf 82' lang='lat' dir='ltr'>praecipitaret:</span> <span class='ocrx_word' id='word_1_203' title='bbox 1162 2473 1218 2544; x_wconf 89' lang='lat' dir='ltr'>led</span> <span class='ocrx_word' id='word_1_204' title='bbox 1237 2495 1309 2545; x_wconf 91' lang='lat' dir='ltr'>rem</span> <span class='ocrx_word' id='word_1_205' title='bbox 1322 2480 1517 2555; x_wconf 89' lang='lat' dir='ltr'>totamser·</span> 
     </span>
     <span class='ocr_line' id='line_1_24' title="bbox 218 2565 1515 2668; baseline 0.007 -30"><span class='ocrx_word' id='word_1_206' title='bbox 218 2601 251 2665; x_wconf 84' lang='lat'>„‹</span> <span class='ocrx_word' id='word_1_207' title='bbox 274 2589 371 2641; x_wconf 77' lang='lat' dir='ltr'>taret</span> <span class='ocrx_word' id='word_1_208' title='bbox 390 2570 563 2665; x_wconf 89' lang='lat' dir='ltr'>integram</span> <span class='ocrx_word' id='word_1_209' title='bbox 584 2593 694 2665; x_wconf 92' lang='lat' dir='ltr'>usque</span> <span class='ocrx_word' id='word_1_210' title='bbox 713 2568 749 2639; x_wconf 93' lang='lat' dir='ltr'>in</span> <span class='ocrx_word' id='word_1_211' title='bbox 767 2565 867 2639; x_wconf 90' lang='lat' dir='ltr'>suum</span> <span class='ocrx_word' id='word_1_212' title='bbox 886 2573 1092 2641; x_wconf 82' lang='lat' dir='ltr'>adtentum.</span> <span class='ocrx_word' id='word_1_213' title='bbox 1119 2569 1252 2668; x_wconf 90' lang='lat' dir='ltr'>Neque</span> <span class='ocrx_word' id='word_1_214' title='bbox 1269 2573 1361 2644; x_wconf 88' lang='lat' dir='ltr'>enim</span> <span class='ocrx_word' id='word_1_215' title='bbox 1382 2575 1415 2646; x_wconf 91' lang='lat' dir='ltr'>se</span> <span class='ocrx_word' id='word_1_216' title='bbox 1428 2601 1515 2647; x_wconf 90' lang='lat' dir='ltr'>con·</span> 
     </span>
     <span class='ocr_line' id='line_1_25' title="bbox 217 2664 1515 2762; baseline -0.002 -24"><span class='ocrx_word' id='word_1_217' title='bbox 217 2715 247 2762; x_wconf 89' lang='lat'>‚,</span> <span class='ocrx_word' id='word_1_218' title='bbox 272 2664 448 2738; x_wconf 90' lang='lat' dir='ltr'>sensurum</span> <span class='ocrx_word' id='word_1_219' title='bbox 468 2670 503 2738; x_wconf 89' lang='lat' dir='ltr'>in</span> <span class='ocrx_word' id='word_1_220' title='bbox 523 2668 617 2740; x_wconf 88' lang='lat' dir='ltr'>illius</span> <span class='ocrx_word' id='word_1_221' title='bbox 636 2667 788 2736; x_wconf 87' lang='lat' dir='ltr'>hominis</span> <span class='ocrx_word' id='word_1_222' title='bbox 807 2666 1023 2758; x_wconf 88' lang='lat' dir='ltr'>perniciem,</span> <span class='ocrx_word' id='word_1_223' title='bbox 1049 2686 1238 2761; x_wconf 88' lang='lat' dir='ltr'>antequam</span> <span class='ocrx_word' id='word_1_224' title='bbox 1257 2670 1301 2739; x_wconf 92' lang='lat' dir='ltr'>de</span> <span class='ocrx_word' id='word_1_225' title='bbox 1310 2669 1515 2737; x_wconf 84' lang='lat' dir='ltr'>cauffadr&#39;li·</span> 
     </span>
     <span class='ocr_line' id='line_1_26' title="bbox 217 2757 1515 2860; baseline -0.002 -29"><span class='ocrx_word' id='word_1_226' title='bbox 217 2803 247 2858; x_wconf 73' lang='lat'>5,</span> <span class='ocrx_word' id='word_1_227' title='bbox 271 2765 413 2856; x_wconf 88' lang='lat' dir='ltr'>gentius</span> <span class='ocrx_word' id='word_1_228' title='bbox 431 2765 677 2860; x_wconf 87' lang='lat' dir='ltr'>cognoscatur.</span> <span class='ocrx_word' id='word_1_229' title='bbox 706 2761 819 2850; x_wconf 88' lang='lat' dir='ltr'>Quod</span> <span class='ocrx_word' id='word_1_230' title='bbox 839 2757 863 2827; x_wconf 85' lang='lat' dir='ltr'>si</span> <span class='ocrx_word' id='word_1_231' title='bbox 883 2759 1081 2830; x_wconf 86' lang='lat' dir='ltr'>Cardinalis</span> <span class='ocrx_word' id='word_1_232' title='bbox 1098 2761 1196 2830; x_wconf 91' lang='lat' dir='ltr'>secus</span> <span class='ocrx_word' id='word_1_233' title='bbox 1214 2762 1323 2846; x_wconf 84' lang='lat' dir='ltr'>faxit,</span> <span class='ocrx_word' id='word_1_234' title='bbox 1348 2761 1384 2826; x_wconf 89' lang='lat' dir='ltr'>in</span> <span class='ocrx_word' id='word_1_235' title='bbox 1404 2777 1515 2851; x_wconf 91' lang='lat' dir='ltr'>caput</span> 
     </span>
     <span class='ocr_line' id='line_1_27' title="bbox 218 2849 1514 2956; baseline -0.002 -28"><span class='ocrx_word' id='word_1_236' title='bbox 218 2900 247 2954; x_wconf 85' lang='lat'>„</span> <span class='ocrx_word' id='word_1_237' title='bbox 270 2859 346 2956; x_wconf 86' lang='lat' dir='ltr'>ejus</span> <span class='ocrx_word' id='word_1_238' title='bbox 372 2883 479 2953; x_wconf 82' lang='lat' dir='ltr'>poena</span> <span class='ocrx_word' id='word_1_239' title='bbox 504 2878 640 2932; x_wconf 86' lang='lat' dir='ltr'>vertat:</span> <span class='ocrx_word' id='word_1_240' title='bbox 677 2855 710 2926; x_wconf 89' lang='lat' dir='ltr'>se</span> <span class='ocrx_word' id='word_1_241' title='bbox 728 2877 813 2925; x_wconf 86' lang='lat' dir='ltr'>vero</span> <span class='ocrx_word' id='word_1_242' title='bbox 830 2855 1027 2922; x_wconf 90' lang='lat' dir='ltr'>immunem</span> <span class='ocrx_word' id='word_1_243' title='bbox 1044 2853 1153 2920; x_wconf 79' lang='lat' dir='ltr'>caedis</span> <span class='ocrx_word' id='word_1_244' title='bbox 1170 2853 1205 2922; x_wconf 73' lang='grc' dir='ltr'>ἃ</span> <span class='ocrx_word' id='word_1_245' title='bbox 1221 2851 1396 2945; x_wconf 87' lang='lat' dir='ltr'>sanguinis</span> <span class='ocrx_word' id='word_1_246' title='bbox 1414 2849 1514 2950; x_wconf 88' lang='lat' dir='ltr'>fore,</span> 
     </span>
    </p>
   </div>
   <div class='ocr_carea' id='block_1_3' title="bbox 114 2943 1516 4021">
    <p class='ocr_par' dir='ltr' id='par_1_4' title="bbox 114 2943 1516 3995">
     <span class='ocr_line' id='line_1_28' title="bbox 218 2943 1514 3051; baseline -0.001 -26"><span class='ocrx_word' id='word_1_247' title='bbox 218 3008 248 3051; x_wconf 86' lang='lat'>‚,</span> <span class='ocrx_word' id='word_1_248' title='bbox 274 2955 368 3027; x_wconf 89' lang='lat' dir='ltr'>hisce</span> <span class='ocrx_word' id='word_1_249' title='bbox 387 2957 497 3029; x_wconf 89' lang='lat' dir='ltr'>literis</span> <span class='ocrx_word' id='word_1_250' title='bbox 515 2950 684 3024; x_wconf 86' lang='lat' dir='ltr'>attestari.</span> <span class='ocrx_word' id='word_1_251' title='bbox 698 3000 726 3038; x_wconf 91' lang='lat'><strong>„</strong></span> <span class='ocrx_word' id='word_1_252' title='bbox 768 2946 966 3020; x_wconf 83' lang='lat' dir='ltr'>Cardinalis</span> <span class='ocrx_word' id='word_1_253' title='bbox 983 2947 1054 3016; x_wconf 86' lang='lat' dir='ltr'>lroc</span> <span class='ocrx_word' id='word_1_254' title='bbox 1074 2943 1259 3039; x_wconf 87' lang='lat' dir='ltr'>responso,</span> <span class='ocrx_word' id='word_1_255' title='bbox 1285 2966 1416 3041; x_wconf 81' lang='lat' dir='ltr'>ptaeter</span> <span class='ocrx_word' id='word_1_256' title='bbox 1432 2953 1514 3048; x_wconf 89' lang='lat' dir='ltr'>opi·</span> 
     </span>
     <span class='ocr_line' id='line_1_29' title="bbox 216 3038 1516 3145; baseline -0.006 -18"><span class='ocrx_word' id='word_1_257' title='bbox 216 3056 378 3145; x_wconf 90' lang='lat' dir='ltr'>nionem,</span> <span class='ocrx_word' id='word_1_258' title='bbox 398 3052 505 3142; x_wconf 74' lang='lat' dir='ltr'>istus,</span> <span class='ocrx_word' id='word_1_259' title='bbox 525 3072 605 3123; x_wconf 91' lang='lat' dir='ltr'>cum</span> <span class='ocrx_word' id='word_1_260' title='bbox 618 3068 690 3118; x_wconf 96' lang='lat' dir='ltr'>non</span> <span class='ocrx_word' id='word_1_261' title='bbox 701 3041 897 3134; x_wconf 88' lang='lat' dir='ltr'>dubitaret,</span> <span class='ocrx_word' id='word_1_262' title='bbox 917 3038 1251 3139; x_wconf 86' lang='lat' dir='ltr'>interpofitamora,</span> <span class='ocrx_word' id='word_1_263' title='bbox 1271 3066 1387 3134; x_wconf 89' lang='lat' dir='ltr'>reum,</span> <span class='ocrx_word' id='word_1_264' title='bbox 1402 3050 1516 3145; x_wconf 86' lang='lat' dir='ltr'>vulgo</span> 
     </span>
     <span class='ocr_line' id='line_1_30' title="bbox 114 3140 1513 3250; baseline -0.002 -26"><span class='ocrx_word' id='word_1_265' title='bbox 114 3152 119 3161; x_wconf 82' lang='grc'><strong>“</strong></span> <span class='ocrx_word' id='word_1_266' title='bbox 215 3152 432 3250; x_wconf 81' lang='lat' dir='ltr'>gratiosum,</span> <span class='ocrx_word' id='word_1_267' title='bbox 456 3169 618 3244; x_wconf 90' lang='lat' dir='ltr'>ereptum</span> <span class='ocrx_word' id='word_1_268' title='bbox 637 3146 700 3217; x_wconf 89' lang='lat' dir='ltr'>iri:</span> <span class='ocrx_word' id='word_1_269' title='bbox 737 3166 802 3214; x_wconf 91' lang='lat' dir='ltr'>nec</span> <span class='ocrx_word' id='word_1_270' title='bbox 822 3164 895 3213; x_wconf 90' lang='lat' dir='ltr'>rem</span> <span class='ocrx_word' id='word_1_271' title='bbox 912 3141 1161 3240; x_wconf 86' lang='lat' dir='ltr'>disceptationi</span> <span class='ocrx_word' id='word_1_272' title='bbox 1183 3140 1364 3213; x_wconf 91' lang='lat' dir='ltr'>committi</span> <span class='ocrx_word' id='word_1_273' title='bbox 1384 3145 1513 3221; x_wconf 86' lang='lat' dir='ltr'>vellet:</span> 
     </span>
     <span class='ocr_line' id='line_1_31' title="bbox 215 3238 1514 3409; baseline -0.013 -86"><span class='ocrx_word' id='word_1_274' title='bbox 215 3252 371 3349; x_wconf 87' lang='lat' dir='ltr'>partim,</span> <span class='ocrx_word' id='word_1_275' title='bbox 406 3249 502 3341; x_wconf 90' lang='lat' dir='ltr'>quod</span> <span class='ocrx_word' id='word_1_276' title='bbox 531 3247 662 3318; x_wconf 89' lang='lat' dir='ltr'>nullam</span> <span class='ocrx_word' id='word_1_277' title='bbox 682 3244 717 3314; x_wconf 92' lang='lat' dir='ltr'>in</span> <span class='ocrx_word' id='word_1_278' title='bbox 737 3241 907 3336; x_wconf 83' lang='lat' dir='ltr'>acquitate</span> <span class='ocrx_word' id='word_1_279' title='bbox 922 3238 1018 3335; x_wconf 90' lang='lat' dir='ltr'>spem</span> <span class='ocrx_word' id='word_1_280' title='bbox 1029 3256 1208 3409; x_wconf 59' lang='lat' dir='ltr'>poneret:</span> <span class='ocrx_word' id='word_1_281' title='bbox 1238 3241 1390 3334; x_wconf 84' lang='lat' dir='ltr'>partim,</span> <span class='ocrx_word' id='word_1_282' title='bbox 1416 3247 1514 3338; x_wconf 79' lang='lat' dir='ltr'>quod</span> 
     </span>
     <span class='ocr_line' id='line_1_32' title="bbox 214 3337 1515 3439; baseline -0.008 -17"><span class='ocrx_word' id='word_1_283' title='bbox 214 3349 260 3422; x_wconf 90' lang='lat' dir='ltr'>de</span> <span class='ocrx_word' id='word_1_284' title='bbox 278 3344 481 3432; x_wconf 88' lang='lat' dir='ltr'>sententiis,</span> <span class='ocrx_word' id='word_1_285' title='bbox 503 3346 576 3439; x_wconf 90' lang='lat' dir='ltr'>jam</span> <span class='ocrx_word' id='word_1_286' title='bbox 596 3362 700 3433; x_wconf 90' lang='lat' dir='ltr'>ante,</span> <span class='ocrx_word' id='word_1_287' title='bbox 726 3339 965 3412; x_wconf 85' lang='lat' dir='ltr'>conciliorum</span> <span class='ocrx_word' id='word_1_288' title='bbox 984 3363 1025 3411; x_wconf 93' lang='lat' dir='ltr'>au</span> <span class='ocrx_word' id='word_1_289' title='bbox 1065 3337 1215 3426; x_wconf 89' lang='lat' dir='ltr'>oritate,</span> <span class='ocrx_word' id='word_1_290' title='bbox 1244 3337 1515 3436; x_wconf 75' lang='lat' dir='ltr'>praedamnatis,</span> 
     </span>
     <span class='ocr_line' id='line_1_33' title="bbox 214 3430 1514 3534; baseline -0.005 -15"><span class='ocrx_word' id='word_1_291' title='bbox 214 3446 346 3519; x_wconf 87' lang='lat' dir='ltr'>iterum</span> <span class='ocrx_word' id='word_1_292' title='bbox 370 3438 551 3530; x_wconf 87' lang='lat' dir='ltr'>judicium</span> <span class='ocrx_word' id='word_1_293' title='bbox 581 3437 657 3510; x_wconf 88' lang='lat' dir='ltr'>fieri</span> <span class='ocrx_word' id='word_1_294' title='bbox 683 3437 848 3511; x_wconf 90' lang='lat' dir='ltr'>nolebat:</span> <span class='ocrx_word' id='word_1_295' title='bbox 886 3438 1004 3534; x_wconf 88' lang='lat' dir='ltr'>itaque</span> <span class='ocrx_word' id='word_1_296' title='bbox 1031 3456 1144 3529; x_wconf 89' lang='lat' dir='ltr'>prope</span> <span class='ocrx_word' id='word_1_297' title='bbox 1169 3430 1329 3505; x_wconf 90' lang='lat' dir='ltr'>furenter</span> <span class='ocrx_word' id='word_1_298' title='bbox 1351 3435 1458 3510; x_wconf 86' lang='lat' dir='ltr'>iratus</span> <span class='ocrx_word' id='word_1_299' title='bbox 1477 3440 1514 3512; x_wconf 89' lang='lat' dir='ltr'>in</span> 
     </span>
     <span class='ocr_line' id='line_1_34' title="bbox 215 3529 1514 3629; baseline 0.002 -24"><span class='ocrx_word' id='word_1_300' title='bbox 215 3530 368 3612; x_wconf 84' lang='lat' dir='ltr'>consilio</span> <span class='ocrx_word' id='word_1_301' title='bbox 392 3549 475 3604; x_wconf 87' lang='lat' dir='ltr'>ante</span> <span class='ocrx_word' id='word_1_302' title='bbox 502 3532 664 3627; x_wconf 88' lang='lat' dir='ltr'>suscepto</span> <span class='ocrx_word' id='word_1_303' title='bbox 685 3533 939 3629; x_wconf 82' lang='lat' dir='ltr'>perseveravit:</span> <span class='ocrx_word' id='word_1_304' title='bbox 966 3556 1007 3603; x_wconf 85' lang='lat' dir='ltr'>ac</span> <span class='ocrx_word' id='word_1_305' title='bbox 1024 3529 1228 3626; x_wconf 77' lang='lat' dir='ltr'>respondit3</span> <span class='ocrx_word' id='word_1_306' title='bbox 1272 3582 1300 3620; x_wconf 92' lang='lat'><strong>„</strong></span> <span class='ocrx_word' id='word_1_307' title='bbox 1319 3532 1363 3604; x_wconf 87' lang='lat' dir='ltr'>Sc</span> <span class='ocrx_word' id='word_1_308' title='bbox 1383 3555 1453 3603; x_wconf 91' lang='lat' dir='ltr'>non</span> <span class='ocrx_word' id='word_1_309' title='bbox 1471 3537 1514 3610; x_wconf 92' lang='lat' dir='ltr'>ad</span> 
     </span>
     <span class='ocr_line' id='line_1_35' title="bbox 214 3626 1516 3726; baseline 0.006 -27"><span class='ocrx_word' id='word_1_310' title='bbox 214 3680 244 3726; x_wconf 86' lang='lat'>„</span> <span class='ocrx_word' id='word_1_311' title='bbox 270 3628 461 3724; x_wconf 81' lang='lat' dir='ltr'>Protegem</span> <span class='ocrx_word' id='word_1_312' title='bbox 489 3629 569 3702; x_wconf 92' lang='lat' dir='ltr'>ideo</span> <span class='ocrx_word' id='word_1_313' title='bbox 596 3628 786 3726; x_wconf 83' lang='lat' dir='ltr'>scripsisse,</span> <span class='ocrx_word' id='word_1_314' title='bbox 821 3629 919 3722; x_wconf 86' lang='lat' dir='ltr'>quod</span> <span class='ocrx_word' id='word_1_315' title='bbox 945 3627 988 3699; x_wconf 93' lang='lat' dir='ltr'>ab</span> <span class='ocrx_word' id='word_1_316' title='bbox 1012 3628 1086 3724; x_wconf 86' lang='lat' dir='ltr'>ejus</span> <span class='ocrx_word' id='word_1_317' title='bbox 1105 3626 1317 3700; x_wconf 67' lang='lat' dir='ltr'>austoritate</span> <span class='ocrx_word' id='word_1_318' title='bbox 1333 3631 1404 3701; x_wconf 86' lang='lat' dir='ltr'>ulla</span> <span class='ocrx_word' id='word_1_319' title='bbox 1423 3633 1459 3704; x_wconf 92' lang='lat' dir='ltr'>in</span> <span class='ocrx_word' id='word_1_320' title='bbox 1479 3659 1516 3708; x_wconf 89' lang='lat' dir='ltr'>re</span> 
     </span>
     <span class='ocr_line' id='line_1_36' title="bbox 212 3721 1513 3825; baseline 0.006 -30"><span class='ocrx_word' id='word_1_321' title='bbox 212 3766 244 3821; x_wconf 70' lang='lat'>5,</span> <span class='ocrx_word' id='word_1_322' title='bbox 269 3721 462 3819; x_wconf 86' lang='lat' dir='ltr'>penderet,</span> <span class='ocrx_word' id='word_1_323' title='bbox 496 3725 551 3800; x_wconf 86' lang='lat' dir='ltr'>sed</span> <span class='ocrx_word' id='word_1_324' title='bbox 580 3729 699 3825; x_wconf 86' lang='lat' dir='ltr'>quod,</span> <span class='ocrx_word' id='word_1_325' title='bbox 733 3728 774 3797; x_wconf 92' lang='lat' dir='ltr'>ad</span> <span class='ocrx_word' id='word_1_326' title='bbox 793 3729 944 3821; x_wconf 87' lang='lat' dir='ltr'>speciem</span> <span class='ocrx_word' id='word_1_327' title='bbox 964 3723 1149 3798; x_wconf 84' lang='lat' dir='ltr'>consensus</span> <span class='ocrx_word' id='word_1_328' title='bbox 1168 3729 1330 3824; x_wconf 90' lang='lat' dir='ltr'>publici,</span> <span class='ocrx_word' id='word_1_329' title='bbox 1354 3730 1430 3824; x_wconf 88' lang='lat' dir='ltr'>ejus</span> <span class='ocrx_word' id='word_1_330' title='bbox 1447 3755 1513 3802; x_wconf 94' lang='lat' dir='ltr'>no·</span> 
     </span>
     <span class='ocr_line' id='line_1_37' title="bbox 213 3820 1494 3995; baseline -0.005 -93"><span class='ocrx_word' id='word_1_331' title='bbox 213 3870 241 3925; x_wconf 62' lang='lat'>7,</span> <span class='ocrx_word' id='word_1_332' title='bbox 265 3841 348 3902; x_wconf 83' lang='lat' dir='ltr'>men</span> <span class='ocrx_word' id='word_1_333' title='bbox 367 3820 411 3896; x_wconf 88' lang='lat' dir='ltr'>ad</span> <span class='ocrx_word' id='word_1_334' title='bbox 429 3826 765 3901; x_wconf 84' lang='lat' dir='ltr'>condemnationem</span> <span class='ocrx_word' id='word_1_335' title='bbox 782 3825 909 3899; x_wconf 85' lang='lat' dir='ltr'>ascribi</span> <span class='ocrx_word' id='word_1_336' title='bbox 927 3821 1047 3896; x_wconf 87' lang='lat' dir='ltr'>vellet.</span> <span class='ocrx_word' id='word_1_337' title='bbox 1063 3873 1091 3918; x_wconf 90' lang='lat'>„</span> <span class='ocrx_word' id='word_1_338' title='bbox 1437 3923 1455 3995; x_wconf 70' lang='lat' dir='ltr'>l</span> <span class='ocrx_word' id='word_1_339' title='bbox 1486 3921 1494 3935; x_wconf 34' lang='grc'><strong>.</strong></span> 
     </span>
    </p>

    <p class='ocr_par' dir='ltr' id='par_1_5' title="bbox 1456 3940 1515 4021">
     <span class='ocr_line' id='line_1_38' title="bbox 1456 3940 1515 4021; baseline 0 0"><span class='ocrx_word' id='word_1_340' title='bbox 1456 3940 1515 4021; x_wconf 74' lang='lat'>8¹·</span> 
     </span>
    </p>
   </div>
   <div class='ocr_carea' id='block_1_4' title="bbox 0 0 1666 4456">
    <p class='ocr_par' dir='ltr' id='par_1_6' title="bbox 0 0 1666 4456">
     <span class='ocr_line' id='line_1_39' title="bbox 0 0 1666 4456; baseline 0 3"><span class='ocrx_word' id='word_1_341' title='bbox 0 0 1666 4456; x_wconf 95' lang='lat' dir='ltr'> </span> 
     </span>
    </p>
   </div>
  </div>
 </body>
</html>
