3322 4456
149 342 315 440 d·¹530·
472 325 1114 413 Renovare
1216 339 1219 344 ’
1381 350 1453 431 ²¹7

150 520 179 566 „
201 468 411 549 damnatore
448 462 527 551 Ac,
561 482 645 533 curn
671 457 741 530 illis
760 452 987 553 propositum
1004 455 1111 565 esset,
1138 478 1222 531 num
1242 453 1377 532 necesse
1391 459 1451 554 ju.

151 619 179 661 „
204 566 327 640 dicent
347 557 572 652 Scripturam
593 559 633 629 S.
658 555 695 625 in
714 555 872 648 linguam
892 550 1072 624 transferri
1090 554 1339 631 vernaculam?
1366 578 1452 629 cen·

148 715 177 760 „
202 658 326 749 soille,
361 653 425 727 etfi
454 654 489 726 id
517 672 772 747 nonnunquam
796 646 929 721 sactum
948 647 1078 738 suerit,
1101 671 1196 725 nunc
1215 675 1286 726 non
1304 649 1373 726 esse
1390 676 1452 727 ne·
1599 668 1607 694 ·

150 811 182 857 „
207 755 415 840 cessarium,
435 751 649 843 Regemque
666 747 807 842 optime
825 743 1022 837 facturum,
1041 743 1067 817 si
1085 743 1470 844 hoctemporetram·-
1557 779 1559 784 ·

152 905 183 950 ‚,
207 853 378 957 lationem
405 847 443 917 in
471 845 629 955 linguam
657 842 850 1012 Anglicam
878 864 951 913 noo
977 841 1188 938 permittat,
1205 890 1237 934 „
1285 843 1372 935 Qua
1396 870 1453 920 ra·

154 951 253 1023 tione
271 966 389 1017 omnis
406 940 450 1014 de
468 939 696 1014 translatione
728 957 967 1036 cripturamm
986 938 1062 1036 spes
1081 935 1190 1034 plane
1204 939 1256 1011 est
1273 939 1353 1013 elus
1369 994 1378 1014 .

161 1084 164 1092 ·
202 1075 235 1152 ς.
253 1061 404 1137 LXIX.
430 1060 613 1133 Caeterum
639 1057 765 1133 eodem
795 1059 866 1130 hoc
887 1078 980 1130 anno
1002 1078 1105 1156 1530.
1130 1057 1319 1132 adnutum
1337 1058 1453 1155 Regis

182 1163 271 1234 rima
294 1158 489 1234 edebantur
513 1151 735 1228 auctoritare·
750 1155 965 1229 Parlamenti
993 1139 1187 1253 Anglicani
1209 1155 1367 1228 Decreta
1384 1178 1453 1252 pu·

90 1325 91 1328 ,
154 1184 273 1348 luca,
314 1307 342 1349 „
368 1276 412 1326 ne
437 1253 515 1350 quis
533 1253 591 1324 An
621 1251 727 1324 licani
745 1253 870 1350 Regni
889 1250 1050 1324 subditus
1067 1253 1257 1348 deinceps,
1282 1251 1369 1325 ullas
1389 1251 1454 1324 fibi

156 1406 185 1451 „
203 1350 512 1450 Dispensatiooes,
537 1274 814 1440 Tolerationes,
839 1350 951 1420 aliave
957 1349 1180 1518 privilegia,
1205 1351 1328 1422 Roma
1343 1373 1455 1445 expe·

95 1520 98 1526 .
154 1503 183 1549 „
201 1471 294 1526 teret
320 1447 456 1545 sibique
476 1447 683 1538 coemeret,
707 1446 771 1542 qui
788 1446 883 1518 enirn
904 1470 952 1541 po
1002 1447 1171 1519 ultimum
1189 1447 1326 1540 Aprilis
1349 1468 1455 1546 1530,

154 1586 185 1645 ·„
202 1547 239 1621 id
256 1546 373 1625 facere
391 1540 576 1636 tentasset,
598 1545 627 1616 is
645 1546 682 1617 io
700 1566 848 1640 poenam
866 1543 1090 1642 septuaginta
1107 1544 1278 1617 librarum
1296 1552 1453 1620 monetae

155 1696 183 1743 „
201 1644 369 1743 Anglicae
388 1643 595 1716 incurreret.
611 1695 641 1735 „

203 1741 333 1837 Quid?
352 1739 449 1838 quod
468 1737 540 1836 ipse
550 1743 657 1834 Rex,
675 1738 791 1813 mense
801 1738 1004 1837 Septembri
1021 1739 1167 1835 publica
1177 1740 1353 1837 praeconis
1363 1763 1456 1837 voce

154 1864 221 1941 pet
238 1837 439 1915 universum
459 1838 632 1936 Regnum
652 1837 828 1930 edixerit,
847 1863 890 1911 ne
908 1839 987 1936 quis
1005 1836 1227 1910 subditorum
1237 1837 1379 1911 suorum
1389 1837 1454 1909 ali·
1540 1911 1548 1920 ,

156 1937 244 2034 quid
269 1937 418 2010 omnino
445 1937 655 2010 commercii
682 1935 827 2009 haberet
846 1959 929 2009 cum
949 1934 1128 2008 Pontifice
1146 1938 1456 2031 Romano-,nete

155 2032 291 2128 aliquid
317 2032 361 2105 ab
387 2056 431 2107 eo
457 2034 684 2131 acciperent,
709 2054 770 2104 aut
792 2035 835 2104 ad
854 2035 957 2104 illum
978 2035 1186 2124 mitterent,
1220 2033 1452 2128 pecuniarum

154 2130 377 2223 praesertim,
404 2128 475 2197 srve
494 2153 556 2220 per
573 2129 759 2219 collybum
780 2127 850 2199 five
867 2129 933 2198 alia
951 2131 1073 2222 quavis
1091 2133 1248 2220 ratione,
1275 2128 1372 2203 secus
1391 2131 1456 2228 qul

157 2221 308 2312 feeerit,
341 2222 368 2292 ie
396 2221 511 2385 Regis
537 2223 842 2315 indignationem,
871 2246 1077 2319 carcerem,
1096 2226 1249 2320 aliosque
1265 2226 1457 2300 durislimaa

186 2339 286 2389 oenas
309 2317 443 2387 extimo
459 2314 585 2387 cendas
612 2314 779 2400 haberet,
807 2318 1013 2389 Romanum
1038 2321 1133 2390 enirn
1153 2320 1366 2394 Pontificem
1386 2322 1456 2409 esse

104 2430 110 2438 ”
157 2342 397 2511 lyrannum,
431 2412 528 2484 orbis
545 2431 716 2496 terrarum
743 2411 978 2508 praedonem,
1011 2414 1187 2487 bellomm
1212 2417 1457 2510 incentorem,

159 2513 198 2588 ὅ(
216 2513 345 2608 quovis
364 2510 435 2582 alio
453 2509 565 2606 magis
584 2532 689 2602 quarn
710 2507 847 2581 Vicarii
868 2509 1004 2583 Christi
1023 2513 1168 2583 nomine
1184 2509 1348 2606 dignum.

158 2663 161 2668 -
208 2609 309 2682 Nam
335 2607 394 2699 ἃ,
429 2629 512 2679 cum
540 2605 666 2679 eodem
696 2606 766 2678 boc
783 2630 877 2680 anno
895 2606 931 2679 d.
952 2606 1008 2681 28.
1028 2607 1251 2691 Novembris
1272 2606 1469 2704 W'olsejua

160 2705 384 2795 cardinalis,
415 2727 458 2775 eo
477 2726 549 2798 quo
567 2703 723 2777 diximus
741 2703 852 2776 modo
872 2725 1025 2778 mortem
1044 2705 1207 2794 obiisset,
1234 2703 1365 2779 sadlum
1384 2702 1459 2801 est,

159 2822 201 2877 ut
221 2805 362 2875 Domus
380 2824 461 2897 quae
479 2801 614 2872 dicitur
630 2803 901 2897 communium,
928 2800 1000 2875 live
1018 2802 1168 2879 Senatus
1186 2801 1353 2895 inferior,
1373 2800 1457 2877 Par·

158 2900 317 2974 lamento
345 2920 421 2971 tum
451 2900 622 2991 temporis
640 2920 885 2999 congregato,
912 2901 1008 2973 varia
1024 2900 1069 2973 de
1086 2902 1238 2975 Clerieis
1255 2903 1461 3001 gravamina

158 2996 298 3093 scriptis
316 2995 546 3093 configurata,
572 2995 744 3093 Regiqur}
760 2997 962 3071 exhibenda
979 2997 1147 3073 traderet.
1166 3000 1217 3092 (a)

209 3099 253 3167 ln
280 3095 430 3189 quibus,
464 3090 651 3164 occasione
678 3094 914 3168 violentarum
935 3095 1072 3169 illarum
1091 3095 1252 3169 adversus
1269 3098 1461 3192 putatitiae
1490 3129 1494 3135 ·

160 3191 350 3263 haereticos
377 3189 619 3261 institutarum
646 3191 909 3285 quaellionum,
943 3193 1255 3287 conquerebantur
1280 3193 1325 3264 de
1348 3191 1460 3264 aetio·

160 3285 265 3360 nibus
286 3289 321 3357 in
332 3287 452 3360 Curiis
471 3282 751 3379 Ecclesiasticis,
769 3288 806 3358 in
823 3287 940 3384 specie
952 3285 1060 3377 verb,
1077 3288 1121 3362 de
1130 3289 1362 3362 citationibus
1372 3289 1460 3362 Lai·

160 3406 286 3456 corum
305 3407 424 3455 coram
447 3380 726 3472 Eccleliasticis,
753 3405 834 3477 quae
852 3385 1063 3457 dicebantur
1082 3385 1158 3458 fieri
1175 3408 1218 3457 ex
1237 3383 1383 3478 officio,
1400 3386 1460 3480 bt,

161 3481 260 3573 quod
288 3481 452 3569 articuli,
483 3480 554 3552 fine
572 3478 775 3552 accusatore
793 3479 876 3576 ipsis
895 3482 1179 3578 imputarentur,
1205 3508 1337 3579 porro,
1364 3485 1462 3579 quod

161 3595 234 3656 non
248 3575 504 3652 admitteretur
522 3576 729 3674 excusatio,
754 3576 816 3749 feld:
830 3579 925 3675 parti
944 3578 1118 3655 accusatae
1136 3581 1193 3654 vel
1210 3582 1390 3679 abjuratio
1408 3583 1463 3653 in-‘

765 3725 766 3729 =
833 3699 855 3749 e
1376 3702 1462 3774 Jun-

159 3847 499 4043 LifflsscussNsff',
507 3867 648 4050 pepp.
680 3886 740 3958 ror.
756 3885 837 3957 aaa
867 3882 1103 3983 &sturae
1128 3887 1321 3959 Memorare
1337 3872 1464 3953 uertet
