3322 4456
198 345 266 442 ηε
407 329 1495 454 ΗιετοκιΑΕνΑΝοειιιᾸ.ιμιρ

196 476 352 562 veritus,
375 469 412 542 in
431 492 505 564 quo
522 469 621 540 illum
642 485 850 563 oppugnat,
870 466 906 541 &
924 469 1104 562 Judicium
1126 474 1220 548 illius
1240 478 1284 550 de
1303 481 1494 579 indulgen·

196 571 255 642 tiis
281 568 477 658 convellit,
539 563 766 638 ontificatum
795 584 914 637 autem
942 564 1122 664 defendit,
1156 597 1372 671 omnemque
1398 585 1496 654 illam

195 663 469 758 disputationem
522 686 541 734 e
568 661 789 733 sacramentis
816 661 978 736 ecclefiae
1000 668 1250 765 reprehendit,
1276 674 1394 748 sumto
1413 676 1498 750 scri·

195 761 302 834 bendi
326 779 540 856 argumento
558 782 602 831 ex
623 760 715 831 libro
735 758 889 831 Lutheri
908 762 950 833 de·
963 770 1162 858 captivitate
1181 769 1405 866 Babylonica,
1432 798 1497 846 nu·

199 878 264 954 per
282 857 472 929 admodum
492 856 625 928 emisso.
1146 947 1149 952 Ι

245 949 1502 1054 MagnihuncRegislibrumsiciebarClerus,tanquamdodiissimum

199 1052 295 1148 quod
315 1051 378 1125 sub
395 1051 466 1124 sole
483 1047 567 1122 esset
584 1070 687 1143 opus.
731 1048 999 1140 Comparabant
1017 1053 1160 1146 Regem
1181 1079 1264 1126 cum
1285 1060 1500 1155 Salomone,

198 1147 436 1247 omnibusque
448 1143 728 1242 Imperatoribus
739 1141 966 1232 Christianis,
986 1147 1046 1236 qui
1059 1168 1211 1240 unquam
1224 1149 1387 1248 fuerunt,
1407 1182 1501 1253 prae·

198 1242 372 1320 serebant.
415 1245 512 1316 Hac
545 1262 619 1311 erat
644 1235 811 1311 adulandi
838 1238 1001 1313 materies
1028 1239 1151 1313 multis
1177 1247 1288 1316 annis.
1330 1251 1502 1328 Pontifex

199 1341 340 1414 LeoX.
367 1339 541 1412 obsidem
561 1332 733 1406 defensam
754 1333 949 1432 gloriosum
972 1335 1075 1409 illum
1085 1337 1283 1438 Defensores
1298 1347 1394 1418 Fidei
1413 1350 1502 1421 titu-

200 1438 275 1508 lum
304 1438 400 1529 Regi
427 1431 697 1522 tribuebatur),
725 1433 888 1529 quinimo
916 1432 1161 1530 indulgentias
1179 1439 1400 1516 concedebat
1445 1447 1500 1519 ui·

200 1533 409 1623 buscunque
439 1551 520 1601 eum
549 1528 774 1626 legentibus,
814 1548 922 1625 atque
947 1530 982 1600 in
1003 1531 1165 1627 Epistola
1184 1526 1322 1628 piivata
1340 1541 1382 1613 ad
1444 1567 1505 1616 en·

200 1629 314 1699 ticum
350 1627 451 1716 data,
489 1626 585 1697 miris
612 1626 773 1697 laudibus
801 1625 891 1697 hanc
918 1650 1061 1720 operam
1091 1625 1281 1722 efferebat,
1320 1638 1370 1706 ita
1392 1638 1505 1735 scrip·

201 1743 274 1796 tam
293 1723 336 1796 ab
355 1744 397 1794 eo
416 1722 616 1810 celebrans,
635 1738 673 1793 at
683 1724 843 1815 spiritum
862 1724 1020 1796 Sardum
1032 1721 1162 1818 affuiffe
1175 1729 1350 1820 adpareat.
1376 1731 1505 1828 Quan-

202 1842 307 1915 quam
317 1817 500 1890 Lutberus
518 1840 563 1889 ex
582 1818 726 1889 adverso
741 1819 888 1890 minime
903 1819 1070 1910 territus,
1089 1819 1146 1894 sed
1160 1823 1286 1896 elatior
1327 1827 1504 1902 otiussac·

202 1936 283 2009 tus,
316 1912 413 2009 quod
432 1931 550 1987 tantus
569 1915 655 1986 Rex
673 1912 790 1986 secum
810 1932 990 1987 certamen
1007 1915 1160 2012 iniisset,
1193 1942 1267 1993 non
1312 1945 1356 1995 ne
1376 1948 1507 2024 magna

204 2011 411 2086 acrimoniae
431 2012 588 2084 mixtura
606 2009 852 2107 responderet:

252 2107 332 2207 lpsa
349 2127 490 2202 autem,
517 2109 571 2182 uti
590 2107 769 2205 diximus,
789 2104 1037 2204 disputationis
1057 2110 1224 2206 materia,
1242 2137 1316 2188 non
1333 2138 1407 2191 erat
1427 2117 1509 2211 illa,

1395 2216 1511 2313 (quod

204 2349 318 2418 meritb
344 2350 353 2416 i
374 2350 444 2416 sum
469 2347 593 2435 Regem
619 2371 675 2434 pro
696 2352 823 2419 audate
840 2373 872 2417 te
894 2367 1032 2420 uramus.
1066 2351 1153 2420 Libri
1170 2354 1298 2422 titulum
1315 2357 1512 2426 exhibuimus

204 2437 237 2500 in
252 2370 480 2530 introierostr.
498 2434 540 2497 ad
554 2434 635 2518 Hist.
653 2436 791 2517 Reform.
816 2437 847 2519 b.
904 2439 964 2504 111.
988 2459 1017 2523 p.
1037 2457 1087 2503 21.
1103 2450 1169 2501 not.
1188 2441 1251 2519 (a).
1293 2441 1456 2508 Craterum
1474 2447 1513 2508 ad

205 2524 328 2671 paperem
341 2540 422 2667 seJus
449 2518 465 2586 i
491 2516 581 2604 Rege
603 2520 641 2586 ad
666 2520 857 2590 Pontificem
880 2521 981 2603 miffi,
1011 2520 1081 2587 Rex
1102 2539 1196 2587 manu
1212 2521 1268 2586 sua
1283 2524 1345 2589 hoc
1363 2527 1513 2593 distichon

221 2628 240 2672 u
274 2620 437 2689 ertperat3
939 2648 942 2652 »

260 2728 264 2735 ·
299 2702 334 2766 A
365 2705 485 2764 uorum
503 2697 572 2762 Rex
591 2699 768 2779 Hearieus,
792 2702 864 2763 Leo
880 2697 1017 2774 decime,
1040 2698 1133 2761 mittit

335 2719 416 2843 llos
432 2798 531 2860 opus,
555 2778 585 2839 dt
596 2780 675 2856 fidei
690 2783 798 2842 testem
816 2776 1017 2840 deamicitia.

248 2876 298 2957 (a)
316 2873 425 2953 Hujus
434 2870 652 2938 Conceffionis
661 2873 744 2936 Aela
760 2867 902 2950 originali
918 2868 1009 2944 hujus
1023 2864 1507 2952 libellieditioniLondini1521.

207 2961 238 3023 in
256 2957 367 3020 adibus
384 2952 584 3034 Pynsonianis
600 2968 767 3030 procurata
785 2959 897 3030 (quam
912 2966 980 3011 mea
995 2948 1093 3013 servat
1110 2947 1310 3028 bibliotheca)
1328 2955 1399 3018 sunt
1417 2956 1509 3023 inser·

208 3057 258 3121 ta,
289 3036 341 3103 ubi
365 3035 443 3098 inter
466 3033 523 3098 alia
547 3029 598 3114 ipsi
625 3029 728 3096 Bulla
745 3028 919 3096 Pontifieiae
934 3051 990 3112 pto
1005 3035 1072 3112 ejus
1089 3033 1189 3116 operit
1206 3033 1446 3103 confirmatione
1463 3041 1509 3105 in-

208 3125 286 3193 serta
310 3125 340 3185 le
362 3133 455 3184 untur
479 3119 545 3180 hec
569 3116 681 3179 verba:
714 3163 735 3196 „
753 3113 847 3195 Nos,
870 3112 925 3196 qui
941 3113 1021 3179 Petri
1040 3163 1047 3178 .
1067 3117 1154 3182 .veti
1171 3117 1362 3188 successores
1380 3123 1507 3207 sarnus,

210 3207 273 3294 „dt
297 3207 327 3272 ia
341 3138 409 3269 luc
433 3198 534 3268 sanda
558 3198 647 3277 sede,
672 3196 689 3263 l
713 3216 772 3283 qua
787 3215 898 3262 omnes
916 3197 1076 3279 dignitates
1093 3221 1129 3265 ac
1144 3201 1222 3265 tinrli
1238 3221 1397 3285 emanant,
1421 3210 1508 3273 sede-

210 3310 333 3377 „mus,
348 3287 447 3353 habita
463 3285 552 3368 saper
569 3283 631 3366 his,
648 3302 725 3348 cum
743 3281 881 3346 fratribus
898 3282 1006 3348 nolitis
1026 3301 1143 3349 matura
1153 3284 1389 3372 deliberatione,
1408 3294 1509 3356 deeo-

208 3395 314 3461 „mur
331 3369 466 3437 unanimi
484 3367 614 3433 consilio
630 3366 816 3446 &adsensu,
835 3365 1084 3447 MajeslariTuae
1103 3369 1230 3434 titulum
1247 3372 1349 3451 bunc,
1363 3375 1511 3441 videlicet

212 3457 331 3542 „Fidei
356 3453 553 3532 Defensorem
570 3452 687 3516 donare
703 3451 900 3515 decrevimus
917 3495 1037 3516 .......
1060 3453 1237 3516 mandantes
1254 3457 1399 3520 omnibus
1419 3457 1510 3522 Cbri-

211 3542 278 3628 „sti
301 3537 465 3616 fidelibus,
496 3550 532 3600 ut
548 3534 738 3615 majestatem
756 3550 840 3601 tuam
854 3535 915 3601 hoc
932 3535 1026 3604 titulo
1043 3536 1224 3600 nominent:
1250 3539 1279 3603 dr
1297 3560 1369 3605 cum
1385 3541 1421 3603 nd
1440 3563 1511 3609 eam

211 3675 235 3708 ‚‚
244 3623 394 3700 scribant,
417 3620 484 3704 post
508 3619 678 3686 dislionem
695 3618 790 3704 Regi,
816 3619 1005 3705 adjungant,
1030 3617 1118 3682 Fidei
1134 3618 1306 3701 Defensori.
1322 3672 1344 3702 „
1375 3626 1512 3702 adjecta

213 3707 326 3804 legitur
342 3705 407 3768 baec
426 3705 558 3769 solennis
574 3706 744 3768 verborum
761 3703 919 3769 formula:
943 3703 1076 3768 Librum
1094 3701 1173 3766 hane
1190 3704 1422 3774 HenriciVIsI.
1445 3716 1511 3773 An·

208 3792 281 3878 gira
298 3787 338 3862 &
356 3785 492 3851 Franciae
509 3788 603 3873 Regis
603 3786 812 3936 potastiffimi
829 3804 933 3850 cantra
947 3785 1049 3850 Mart.
1065 3786 1240 3850 Lutherum
1257 3789 1441 3875 legentibus,
1460 3796 1511 3855 de·

212 3898 276 3939 rem
299 3872 460 3938 Annorum
483 3873 524 3948 ἐφ’
544 3872 601 3938 tati
639 3892 670 3935 m
686 3872 950 3960 quadragenarum
967 3870 1181 3959 indulgentia,
1205 3875 1361 3959 apostolica
1377 3878 1511 3941 audiari-

210 3976 276 4027 tate
291 3955 421 4042 canceffa
435 3957 485 4040 esi.
