3322 4456
412 272 1131 390 .nnuovara
1399 310 1467 417 rm

164 488 195 530 „
221 433 325 510 fimus
353 456 478 508 eorum
507 432 678 530 quisque,
712 429 949 524 placitabac
977 430 1013 499 in
1040 435 1288 511 concionibus
1302 439 1465 533 juxta&

164 584 192 628 „
217 529 520 629 disputationibus
539 530 640 600 omni
662 526 778 596 sludio
797 525 1027 596 convelleret.
1322 539 1324 542 ·
1435 526 1440 543 ’

209 626 383 703 ldemad
408 628 508 696 Anu.
528 645 631 717 ¹5²7·
652 621 737 730 .¹¹;²⁶
756 619 874 691 habet.
916 671 943 710 „
973 622 1027 691 ad
1046 624 1310 702 accelerandum
1331 624 1465 703 doslri·
1516 670 1520 677 ·

161 777 190 821 ‚,
216 747 272 796 nae
284 717 490 797 Pontificius
508 737 762 824 exterminium
784 737 964 825 momenta
984 718 1073 786 baud
1086 718 1173 788 levin
1187 724 1363 799 adferebat
1374 728 1461 800 rho·

159 872 189 915 „
213 843 284 893 ruas
311 817 437 888 Garret
463 813 551 885 Vici
579 809 704 884 Mellet
733 809 891 882 Londrnr
920 812 1097 902 Curatus,
1123 815 1183 907 qui
1203 841 1221 885 a
1243 820 1389 894 Lutlteri
1410 821 1461 896 se·

163 965 191 1009 „
217 911 390 1008 quacibus
417 906 598 979 nonnullis
626 904 861 997 transmissus,
888 905 997 979 libros
1016 910 1130 979 varios
1148 912 1287 1005 attulit,
1316 912 1463 991 &inte'r
1537 970 1541 977 „

161 1061 189 1106 „
222 1004 459 1080 Academicos
487 1001 564 1099 spat
591 1001 672 1077 ebat
699 1003 816 1099 plures
843 1002 948 1075 sacrae
974 1006 1113 1100 paginae
1133 1003 1233 1081 locos
1255 1008 1461 1104 trasiantes,

150 1150 190 1202 -,‚
216 1102 397 1200 speciatim
427 1122 512 1172 vero
578 1096 809 1172 estamentum
838 1099 1014 1192 Novum,
1039 1099 1229 1174 secundum
1250 1104 1459 1181 Verstonem

149 1255 189 1298 ,„
218 1202 367 1296 primam
385 1192 654 1288 sindallianam,
680 1196 903 1295 primamque
921 1194 1003 1270 libri
1021 1198 1094 1296 ejus
1113 1219 1268 1293 partem,
1295 1202 1353 1274 cui
1375 1200 1462 1277 Unio

162 1352 191 1396 „
215 1295 432 1388 dissidentium
458 1314 589 1364 nomen
615 1289 695 1364 fuit.
735 1293 831 1365 Haec
859 1314 932 1365 non
959 1294 1009 1364 ita
1035 1295 1096 1365 diu
1124 1291 1345 1370 Cardinalem
1373 1299 1460 1373 late·

159 1447 186 1491 ‚‚
212 1392 319 1480 bant,
352 1391 414 1482 qui
442 1388 486 1460 de
512 1391 654 1462 Garrsto
683 1386 868 1460 nobiscum
888 1409 1016 1482 agente
1033 1391 1165 1461 certior
1183 1391 1314 1484 fastus,
1346 1395 1460 1470 literas

150 1544 187 1586 .‚,
212 1484 399 1563 confestim
418 1484 461 1556 ad
480 1482 769 1558 Commiffarium
789 1485 1047 1556 Academicum
1067 1486 1185 1575 dedit,
1213 1510 1253 1561 ut
1271 1492 1459 1584 exploran-

159 1639 188 1682 „
213 1584 299 1671 dum
327 1583 477 1674 eundem
504 1582 708 1675 carcerique
731 1580 1004 1675 mancipandum
1024 1602 1163 1654 curaret
1182 1589 1455 1682 praecipicntess

158 1735 186 1779 „
212 1704 294 1777 quae
320 1701 403 1750 cum
430 1678 573 1750 Garreta
599 1674 881 1769 innotescerent,
916 1677 1064 1750 Oxonia
1085 1679 1175 1751 clam
1204 1680 1236 1752 se
1255 1687 1457 1780 proripuit,

155 1832 183 1876 „
210 1778 281 1851 huc
299 1797 440 1864 autem,
460 1773 589 1870 quibus
599 1773 701 1847 malis
710 1775 834 1846 avibus
848 1771 989 1865 nescio,
1008 1772 1098 1846 infra
1107 1774 1254 1850 biduum
1266 1780 1455 1879 regressus,

155 1931 184 1973 „
209 1875 317 1971 inque
341 1872 466 1944 eodem
494 1893 568 1964 quo
596 1871 694 1967 prius
722 1869 909 1944 domicilio
928 1870 1146 1966 hospitatus,
1171 1875 1456 1950 al'rocuratoii·

143 1956 182 2069 ',‚
208 1969 274 2043 bus
293 1967 480 2063 prehensus
497 1965 570 2057 est,
596 1969 632 2042 dt
653 1967 926 2059 commissario,
945 1990 1049 2062 quem
1069 1968 1166 2058 dixi,
1185 1971 1342 2071 Collegii
1362 1973 1453 2048 Lin-

153 2123 183 2165 „
208 2064 396 2139 colniensrs
421 2065 488 2135 hac
508 2063 716 2157 tempestate
734 2064 908 2153 Reuori,
936 2065 971 2133 in
990 2087 1112 2136 manus
1132 2068 1296 2142 traditur.
1340 2073 1373 2144 ls
1392 2073 1453 2146 ha·

156 2215 186 2259 ‚,
210 2162 288 2231 bito
313 2161 441 2250 partim
460 2158 505 2226 de
522 2157 731 2228 criminibus
750 2182 903 2251 quorum
924 2157 1190 2235 infimulabatur
1208 2167 1389 2262 examine,
1412 2173 1455 2243 'in

155 2311 183 2354 ‚‚
210 2274 383 2326 cameram
410 2249 528 2338 suam,
563 2250 815 2344 quoadusque
841 2277 861 2322 a
885 2253 1052 2348 precibus
1079 2254 1151 2352 ipse
1171 2258 1378 2355 vespertinis
1396 2268 1450 2337 r'e-

143 2406 184 2449 l„
211 2366 431 2436 verteretur,
465 2346 585 2425 virum
611 2342 812 2435 conclusit,
846 2350 908 2443 qui
927 2346 1113 2424 occasione
1129 2375 1267 2446 arrepta
1286 2359 1376 2431 clam
1397 2360 1450 2434 iir-

153 2505 181 2546 „
207 2468 303 2519 terea
326 2440 490 2537 aufugit,
517 2441 554 2513 ὅ(
580 2439 622 2512 ad
650 2440 853 2513 Delaberum
876 2442 1087 2538 praefatum,
1119 2449 1156 2516 in
1175 2448 1345 2546 Collegio
1363 2462 1451 2528 tun'c

153 2600 181 2642 „
207 2537 448 2615 Glocestrensr
477 2557 785 2628 commorantem,
818 2536 885 2610 sese
910 2540 1088 2630 contulit,
1121 2564 1231 2638 aquo
1250 2548 1380 2620 vestitu
1399 2549 1450 2623 se.-

152 2697 180 2740 „
207 2638 318 2712 culari
346 2631 535 2706 instruslus
563 2632 685 2730 fugam
705 2633 910 2706 ulteriorem
931 2635 1160 2710 accelerabat.
1203 2641 1259 2713 lta
1273 2644 1346 2738 jaan
1368 2669 1448 2742 per·

150 2795 178 2837 „
203 2739 296 2808 citus
315 2729 604 2823 Commissarius,
630 2754 695 2801 nec
716 2730 828 2804 labori
848 2756 914 2805 nec
936 2730 1134 2830 sumptibus
1155 2741 1356 2834 perpercit,
1375 2766 1449 2839 quo

150 2893 177 2935 „
204 2835 385 2908 Garretum
420 2831 537 2901 denuo
571 2827 837 2924 prehenderet,
887 2830 1050 2904 Delabers‘
1083 2853 1199 2905 autem
1226 2836 1449 2935 aliorumque

149 2988 176 3032 ,‚
203 2954 292 3027 quos
319 2929 363 3001 de
380 2926 514 2999 'eodem
543 2944 691 3023 recepto
717 2923 893 3022 suspesios
912 2926 1062 3022 habuit,
1086 2953 1239 3006 cameras
1257 2930 1379 3008 sedulo
1399 2941 1447 3012 ri·

148 3085 176 3128 ,‚
202 3049 337 3116 matus,
373 3024 416 3096 ad
441 3022 474 3096 se
493 3019 673 3118 postremo
690 3018 824 3095 dissum
844 3023 1051 3116 accerfivit,
1077 3047 1206 3122 utpote
1223 3054 1330 3126 quem
1349 3034 1446 3132 elap-

149 3125 276 3223 „sum
303 3120 422 3194 adiisse
449 3123 629 3194 Garretum
655 3117 768 3213 probe
793 3121 998 3209 intellexit;
1038 3122 1226 3218 virumque
1253 3130 1445 3203 meticulo-

150 3275 177 3318 „
202 3219 300 3308 sum,
333 3218 451 3289 habita
476 3237 596 3289 coram
615 3218 789 3304 Landosia,
816 3217 852 3288 bt
870 3221 1049 3314 Hygdeno,
1076 3217 1316 3313 Dostoribus,
1344 3224 1447 3320 super

149 3370 177 3412 „
201 3314 300 3386 omni
328 3336 365 3385 re
390 3311 607 3407 quaestione,
632 3334 676 3381 eo
698 3310 849 3404 denique
867 3315 971 3385 minis
988 3313 1132 3408 adegit,
1156 3335 1195 3386 ut
1214 3340 1284 3388 non
1303 3338 1444 3396 tantum

150 3464 178 3507 „
203 3411 308 3484 amici
335 3410 506 3498 latebras,
538 3406 595 3479 sed
624 3405 661 3480 dc
688 3407 920 3501 Oxanienfium
938 3408 1070 3504 viginti
1090 3410 1126 3503 bt
1145 3411 1322 3505 duorum,
1353 3417 1443 3491 Gar·

150 3560 177 3600 „
200 3525 269 3580 reta
287 3507 433 3579 occulte
452 3503 669 3597 faventium,
692 3501 874 3599 librosque
890 3503 934 3579 ab
951 3505 1076 3580 eodem
1095 3509 1443 3608 coementiurnmo·

149 3655 177 3700 „
204 3602 298 3672 mina
315 3599 540 3696 patefecetet.
1402 3614 1409 3622 '

141 3786 144 3791 Ι
195 3749 222 3791 ‚,
253 3694 407 3769 Dimisso
424 3696 612 3789 Delabsro,
638 3695 811 3770 virisillis
830 3719 895 3794 per
911 3698 1088 3775 ministros
1106 3700 1326 3785 academicos
1344 3731 1443 3782 marr·

149 3848 177 3894 „
201 3791 302 3869 davit
327 3789 616 3889 Commissarius,
649 3816 691 3869 ut
715 3817 836 3867 coram
859 3795 895 3872 ss
911 3796 1180 3897 comparerent,
1205 3803 1443 3915 quibuscum,

734 3893 808 3965 Aa
834 3913 852 3989 3
1293 3897 1441 3993 „haba
