3322 4456
161 463 206 543 eb
223 460 400 560 conjungi
418 472 479 530 aut
498 326 836 550 conglutinari,(iri
849 324 1009 547 disjungi
1027 468 1088 525 aut
1105 450 1245 531 dissolvi
1261 472 1462 559 nequeant,

161 564 249 662 quin
275 583 385 635 unum
414 553 485 627 fine
510 552 622 660 altero
649 547 717 621 esse
743 547 861 645 possit.
905 551 1002 620 Nam
1029 550 1138 642 Judas
1158 555 1295 650 sgnum
1316 562 1462 657 quidem

162 662 302 756 coepit,
328 678 401 728 rem
421 647 509 722 verb
529 646 763 746 fignificatam
783 647 820 720 &
840 644 996 717 srudlum
1016 669 1088 716 non
1109 655 1291 744 percepit,
1309 679 1375 729 nec
1392 662 1461 730 un·-

162 780 266 855 quam
292 751 456 848 corporis
475 749 511 820 ὅ(
530 745 706 841 sanguinis
722 742 803 836 jesu
824 742 958 816 Christi
980 745 1157 838 particeps
1178 748 1287 820 sosius
1306 752 1355 822 est
1368 779 1382 835 ε,
1403 753 1462 828 sed

48 867 52 872 ·
162 851 374 928 infidelitate
400 845 457 920 sua
484 865 621 939 partem
649 840 713 912 fibi
739 842 833 935 apud
862 842 1052 914 Sathanam
1077 842 1127 911 est
1153 847 1390 941 consecutus,
1424 854 1463 927 dc

161 950 361 1024 membrum
384 940 530 1017 Diaboli
548 938 671 1011 stilus.
705 937 840 1010 Probet
859 940 976 1035 itaque
993 937 1141 1032 seipsum
1162 942 1294 1032 homo,
1321 969 1364 1016 an
1381 945 1462 1042 syn·

163 1071 244 1119 cera
270 1044 342 1116 fide
368 1044 405 1115 dt
431 1039 647 1135 poenitentia
664 1058 747 1108 cum
766 1035 939 1109 charitate
958 1034 1160 1111 Christiana
1177 1041 1392 1134 conjuncta,
1419 1043 1463 1117 ad

161 1144 253 1216 banc
268 1139 426 1214 lantum
447 1133 598 1206 mensam
617 1132 782 1205 accedat:
810 1156 889 1204 nam
908 1133 1043 1228 alioqui
1062 1152 1141 1204 reus
1157 1137 1225 1207 erit
1243 1142 1404 1231 corporis
1424 1141 1462 1215 ὅ(

161 1240 341 1338 sanguinis
362 1233 536 1324 Domini,
561 1233 645 1302 dum
665 1250 818 1302 mortem
837 1228 917 1323 Jcsu
937 1228 1096 1320 Christi,
1123 1232 1368 1307 &confilium
1389 1236 1462 1311 Dei

162 1361 229 1433 pro
255 1336 369 1407 nihilo
397 1331 522 1418 ducit,
557 1331 709 1422 quinon
729 1325 1137 1399 temeresacrosanetum
1160 1329 1250 1402 istud
1269 1330 1464 1407 sacramen·

160 1455 237 1508 tum
258 1432 436 1524 instituit,
460 1427 517 1501 sed
536 1449 600 1497 nos
619 1427 683 1497 bac
702 1426 839 1497 ratione
856 1427 1012 1498 excitare
1029 1447 1070 1497 ac
1090 1428 1465 1522 perducerevoiuitad

159 1532 342 1607 ardentem
369 1527 421 1600 sui
443 1526 480 1599 &
499 1521 646 1596 fratrum
665 1520 867 1595 nostrorum
887 1521 1143 1614 dileblionum,
1169 1546 1209 1595 ut
1228 1525 1311 1598 ver&
1329 1522 1465 1603 efficia·

161 1652 242 1701 mur
261 1626 396 1722 templa
414 1624 509 1712 Dei,
527 1621 588 1718 qui
609 1621 644 1691 in
662 1619 767 1692 nobit
785 1619 1139 1715 habitaredignatur,
1161 1625 1464 1718 quemadmodum

159 1725 255 1823 apud
272 1725 445 1816 Joannem
466 1718 613 1793 testatur
633 1718 835 1808 Dominus,
862 1717 980 1812 Siquis
998 1738 1056 1787 me
1072 1739 1187 1810 amat,
1212 1719 1365 1794 servabit
1382 1744 1465 1798 uer·

161 1823 247 1896 bum
276 1844 418 1911 meum,
445 1817 482 1892 ὃ(
500 1818 605 1889 Pater
623 1838 722 1888 meus
738 1814 840 1885 illum
859 1814 1012 1906 amabit,
1040 1814 1076 1886 dt
1097 1818 1278 1891 veniemus
1296 1819 1339 1891 ad
1357 1841 1465 1915 eum,

160 1918 269 2016 atque
297 1942 380 1994 cum
406 1939 450 1989 eo
479 1914 730 1987 habitabimus.
764 1911 879 2008 Atqui
898 1911 989 1984 illud
1009 1934 1082 1982 non
1099 1935 1142 1984 eo
1162 1916 1272 1988 modo
1288 1919 1466 2015 accipien-

161 2018 247 2091 dum
273 2041 350 2112 quo
374 2013 537 2086 nonnulli
564 2012 702 2106 opinati
728 2008 829 2100 sunt,
854 2030 978 2081 verum
996 2009 1133 2081 Christi
1153 2034 1284 2108 corpus
1303 2014 1468 2107 &rmum

162 2115 256 2203 sale,
291 2134 433 2184 carnem
463 2109 500 2181 bc
513 2106 595 2179 ossa
614 2109 649 2178 in
668 2129 757 2199 pane
775 2107 839 2177 illo
858 2105 991 2178 Coenae
1007 2102 1074 2176 else
1092 2128 1133 2178 ac
1150 2109 1379 2206 delitescere,
1405 2136 1468 2201 aut

161 2210 200 2282 in
225 2230 308 2281 eum
335 2205 521 2292 converti,
556 2226 638 2273 nam
664 2205 744 2272 laaec
769 2202 894 2296 opinio
917 2220 1057 2297 pugnat
1073 2226 1156 2274 cum
1177 2209 1288 2280 verbo
1309 2208 1401 2301 Dei,
1429 2212 1469 2292 bt

161 2304 247 2378 lidei
274 2303 406 2377 nostrae
432 2298 592 2373 articulis
619 2297 670 2371 est
695 2297 897 2386 contraria,
932 2299 1122 2392 inquibus
1149 2301 1244 2373 clare
1271 2303 1468 2398 habemus',

162 2400 349 2478 Christum
374 2393 564 2472 ascendisse
589 2396 633 2488 ad
658 2394 793 2485 caelos,
827 2392 944 2466 sedere
969 2397 1011 2464 ad
1040 2393 1221 2470 dexteram
1250 2401 1322 2473 Dei
1351 2399 1470 2479 Patris

162 2499 445 2597 omnipotentis,
471 2492 565 2565 unde
585 2494 621 2566 &
641 2512 811 2564 uenturus
828 2491 880 2562 est
897 2491 940 2563 ad
953 2490 1186 2590 judicandum
1206 2497 1467 2573 vivos&mor=

161 2619 269 2691 tuos,
286 2597 343 2669 sed
359 2593 540 2668 Dominus
553 2588 827 2681 Jesustristus
845 2588 1204 2663 sacramentocoenae
1219 2595 1318 2668 adest
1362 2618 1466 2671 oten-

162 2697 235 2786 tia‚
256 2695 426 2782 ¹v'irtt'tte,
461 2709 572 2783 atque
583 2686 772 2784 prasentia
783 2687 944 2780 Spiritus
960 2685 1010 2758 sui
1029 2688 1068 2758 in
1083 2686 1253 2764 cordibus
1270 2619 1467 2771 sudorum
1522 2739 1526 2745 ·

163 2791 366 2867 suorum&
384 2789 559 2862 fidelium,
586 2786 723 2857 Nullus
741 2779 1467 2886 igiturChrlstianutcamalemquaiidairi

164 2891 257 2964 inter
292 2886 482 2962 Christum·
505 2883 548 2957 'dt
573 2885 652 2978 ejus
677 2881 1133 2955 eleetoscommunitaten
1154 2880 1266 2984 'atque
1291 2891 1470 2965 unitatem·

163 2988 401 3085 imaginetur,
435 2980 598 3083 quamvis
624 3002 747 3054 revera
771 2979 961 3052 coadunati
991 2978 1058 3052 saut
1082 2987 1228 3079 corpori
1248 2996 1289 3059 ac'
1308 2986 1468 3088 sanguim

164 3086 283 3177 illius,
316 3104 447 3178 utpote
473 3079 587 3153 carnit
614 3079 651 3152 ὃ(
678 3075 807 3150 ollium·
828 3079 904 3177 ejus
931 3078 1114 3174 membra,
1146 3084 1353 3179 mysterium
1373 3086 1469 3163 enim

166 3179 431 3274 conjunclionis
456 3178 494 3252 dt
520 3176 787 3248 communionis
809 3175 889 3268 Jel'u
908 3175 1043 3248 Christi
1062 3200 1231 3274 magnum
1251 3182 1319 3254 esse
1337 3200 1472 3261 norunt

167 3276 314 3366 fideles,
339 3295 446 3372 atque
462 3276 543 3345 hacc
560 3275 652 3345 ratio
671 3273 814 3367 copulae
833 3268 920 3343 ciam
932 3270 988 3350 'lit¹
1001 3273 1213 3368 spiritualis,
1240 3278 1395 3353 hominis
1413 3282 1469 3356 in.

168 3373 279 3473 genio
305 3392 378 3444 nec
399 3371 539 3467 percipi
560 3392 627 3442 nec
644 3369 801 3464 intelligi
819 3367 1179 3463 potelli'Clrrilliani
1199 3386 1316 3448 autem
1337 3372 1472 3473 corpo}

168 3472 234 3546 rali
253 3468 407 3542 Domini
424 3466 610 3563 praesentia
627 3489 699 3540 non
716 3486 807 3562 opus
827 3465 970 3538 habent.
996 3467 1201 3543 incarnatio
1212 3460 1477 3574 ejusdcpassro,

167 3569 212 3640 ad
236 3566 611 3640 salutemmottalium
641 3565 781 3660 prorsus
806 3563 1005 3636 necessariae
1033 3564 1198 3641 suerunt:
1228 3572 1262 3644 id
1283 3574 1379 3669 quod
1400 3575 1478 3675 ipse*

169 3663 339 3754 testatur,
365 3662 508 3753 diceas,
534 3663 645 3736 Exivi
662 3664 682 3735 ai
699 3664 824 3753 Patre,
852 3661 887 3736 ὅ(
909 3663 989 3734 veni
1008 3663 1043 3734 in
1061 3669 1254 3743 mundum:
1284 3671 1399 3747 rursus
1418 3698 1472 3748 re·

168 3763 295 3859 linquo
314 3757 486 3832 mundum
507 3759 544 3832 dt
564 3760 657 3834 vado
675 3761 718 3832 ad
735 3762 897 3833 Patrem:
926 3784 1034 3857 quare
1052 3784 1187 3837 eertum
1203 3768 1276 3861 esi,
1297 3770 1476 3865 imposto-

168 3858 330 3954 teresse,
357 3857 420 3957 qui
437 3855 570 3930 docent
590 3880 716 3954 panem
736 3856 868 3931 Coenae
885 3858 954 3933 elle
971 3860 1164 3958 proprium
1180 3867 1216 3942 dt
1234 3867 1328 3941 reale
1346 3873 1403 3965 (ut
1420 3866 1478 3939 lo·

1359 3989 1479 4063 quun·t
