3322 4456
763 242 897 397 (rari)

174 425 248 521 ria,
272 427 360 500 alios
378 450 459 500 cum
479 425 543 500 illo
564 424 737 525 congredi
756 451 823 501 nec
841 422 1054 499 inhortabor
1068 445 1135 497 nec
1154 412 1380 521 prohibebo,
1403 414 1484 531 ipse·

174 542 273 598 certe
299 549 371 595 non
389 527 637 614 committam,
671 544 712 595 ut
730 548 812 597 cum
833 523 1024 596 insaniente
1041 520 1220 593 insaniam.
1262 520 1364 592 Nam
1382 538 1479 615 quas·

176 624 254 715 quis
282 621 319 692 δε
346 642 468 713 a‘quus
492 619 604 693 ludlor
623 622 659 693 ὅ(
680 621 832 714 prudens
849 620 1010 692 libellum
1030 642 1147 690 meum
1167 640 1251 688 curo
1270 618 1366 689 illius
1384 614 1479 688 libro

176 719 359 811 perlegat,
389 719 415 787 is
435 716 596 814 profesto
616 716 719 789 sacile
740 716 913 811 judicabit
928 719 1001 812 jam
1021 738 1116 786 nunc
1135 712 1280 785 Lurheri
1296 713 1409 785 neniis
1426 708 1480 785 sa·

178 816 222 885 tis
242 814 414 909 superque
434 814 633 911 responsum
653 813 731 884 cll'e.
761 814 877 912 Qrod
895 813 919 885 st
939 813 1017 909 quis
1036 813 1089 884 illi
1108 830 1181 883 tam
1199 811 1321 903 inique
1339 806 1479 901 faveat,

176 932 216 981 ut
237 935 312 981 mea
331 910 436 981 verba
453 934 525 981 non
544 910 708 984 sustineat
727 911 918 1005 inspicere,
944 933 1003 982 aut
1023 931 1093 982 tam
1114 905 1299 1002 insigniter
1317 903 1477 997 instup'e-

177 1006 271 1098 scat,
306 1026 345 1077 ut
364 1008 503 1079 collatis
523 1010 688 1102 utrinque
707 1010 794 1082 locis
812 1032 885 1081 non
905 1008 1050 1096 sentiat,
1086 1029 1159 1078 rem
1177 1002 1294 1075 adhuc
1312 996 1480 1097 responso

178 1125 250 1171 non
270 1126 395 1200 cgere,
424 1104 506 1175 huie
525 1104 621 1175 nulla
640 1128 792 1199 unquam
808 1104 1033 1200 responsione
1045 1100 1268 1189 satisfecero,
1294 1121 1397 1188 nam,
1415 1094 1481 1192 qui

180 1221 305 1292 queam
334 1201 427 1288 illis,
461 1202 521 1297 qui
549 1200 636 1272 nihil
663 1223 722 1274 aut
750 1204 862 1277 velint
890 1202 1094 1297 legeretur
1121 1196 1250 1296 poffint
1277 1195 1480 1363 intellipere

179 1315 313 1389 praeter
331 1298 485 1368 Lutheri
503 1296 659 1371 scurrilia
671 1299 816 1397 jurgia?
850 1300 1038 1397 quiquam
1060 1298 1201 1369 interim
1220 1316 1293 1365 rem
1312 1292 1355 1365 ad
1374 1293 1384 1362 i
1419 1312 1482 1364 um

179 1392 308 1465 r'raeter
334 1395 505 1485 modum,
540 1418 668 1491 magna
693 1421 749 1470 me
775 1393 897 1471 affecit
922 1396 1120 1489 voluptate.
1166 1391 1348 1488 Siquidem
1376 1389 1482 1462 initio

179 1514 297 1563 certus
314 1514 431 1584 eram,
450 1516 522 1563 rem
541 1493 685 1588 quidem
705 1517 809 1590 quam
829 1492 997 1566 ruendam
1016 1491 1232 1586 susceperam
1246 1488 1483 1585 suaptenntu·

180 1586 247 1659 else
267 1587 603 1687 inexpugnabilem,
622 1589 782 1663 adversus
800 1614 904 1688 quam
924 1612 990 1663 nec
1009 1588 1204 1661 inferorum
1224 1608 1340 1681 portae
1353 1580 1485 1679 possint

178 1684 393 1779 praevalere,
420 1685 477 1757 sed
495 1682 752 1760 imbecillitatis
768 1712 857 1761 meac
876 1684 1060 1778 conscius,
1079 1686 1123 1760 de
1139 1685 1225 1757 meis
1244 1704 1361 1755 tamen
1377 1680 1484 1754 armis

180 1781 400 1855 dubitabam.
436 1787 488 1856 At
509 1808 604 1857 nunc
622 1782 745 1858 effecit
763 1785 895 1875 hostis,
923 1804 964 1856 ut
986 1783 1065 1855 orbi
1084 1784 1154 1855 toti
1173 1779 1376 1854 inclarescat
1394 1779 1483 1851 alre·

179 1901 282 1970 rum,
312 1904 441 1976 nempe
459 1901 519 1953 aut
537 1881 651 1977 ipsum
670 1881 739 1955 else
756 1882 895 1979 prorsus
914 1882 1157 1971 imbecillum,
1183 1899 1243 1951 aut
1262 1900 1354 1950 meas
1371 1876 1482 1948 ratio·

180 2000 241 2051 nes
267 1978 460 2070 admodum
481 1978 644 2070 ualuisse,
679 2003 763 2073 quas
782 2001 907 2053 contra
925 1980 1013 2052 nihil
1034 1980 1193 2051 invenire
1210 1994 1371 2071 potuerit
1383 1994 1485 2141 prae·

180 2094 237 2145 ter
262 2073 386 2146 insulsa
411 2073 604 2148 scommata
630 2080 666 2149 ὃ(
693 2079 832 2171 prorsus
860 2077 973 2147 insana
999 2077 1170 2149 convitia.
1213 2075 1358 2163 Quibus
1395 2094 1487 2145 rme

183 2171 408 2240 commoveri
434 2191 558 2263 putat,
591 2177 738 2268 egregie
756 2170 920 2267 prosedio
937 2172 1084 2244 fallitur.
1127 2172 1272 2243 Etenim
1291 2190 1487 2262 quantum·

182 2266 237 2337 vis
254 2265 316 2336 illc
332 2287 389 2336 me
407 2287 516 2340 vocet
535 2267 714 2360 insanum,
746 2289 853 2341 vocat
871 2268 1001 2362 opinor
1019 2269 1099 2362 plus
1119 2267 1267 2353 millies,
1302 2287 1486 2359 antiquam

181 2382 301 2437 tamen
319 2383 393 2434 tarn
410 2361 545 2436 insanus
562 2389 647 2455 ero,
667 2384 707 2437 ut
726 2388 823 2461 tegre
841 2361 949 2438 feram
970 2366 1065 2460 quod
1087 2362 1221 2436 insanus
1239 2384 1349 2435 vocer
1367 2362 1487 2437 abin·

183 2459 287 2533 sano:
308 2462 427 2556 itaque
442 2479 504 2533 aut
521 2482 599 2534 mea
617 2485 673 2534 mc
692 2459 785 2535 fallit
801 2462 948 2559 opinio,
967 2481 1027 2534 aut
1046 2462 1144 2533 illius
1162 2462 1199 2533 io
1219 2483 1276 2533 me
1292 2473 1333 2531 a'c
1345 2460 1488 2555 regium

182 2580 315 2631 nomen
340 2556 597 2633 contumeliosa
620 2560 810 2655 spurcitia,
844 2584 908 2632 vos
933 2558 1024 2631 haud
1048 2559 1155 2656 paulo
1172 2559 1284 2654 magis
1302 2581 1407 2652 quim
1428 2578 1488 2629 me

182 2653 252 2727 viri
270 2652 444 2729 clarisfimi
462 2677 685 2729 commovet.
716 2657 818 2730 Solet
835 2656 929 2729 enim
949 2656 1136 2753 generosos
1154 2656 1291 2727 animos
1310 2654 1489 2727 nobilium

181 2752 382 2825 reverentia
407 2752 569 2848 quaedam
597 2754 690 2826 inter
713 2753 746 2827 se
770 2755 960 2850 colligare,
1024 2779 1067 2827 ua
1089 2754 1143 2827 vel
1164 2754 1200 2825 in
1220 2752 1341 2843 holle,
1377 2772 1493 2848 quum

183 2848 330 2924 oderint
352 2874 395 2925 ac
421 2849 674 2947 persequantur
699 2853 904 2945 hominem,
938 2779 1119 2946 personam
1147 2872 1264 2925 tamen
1289 2851 1490 2943 honorent,

181 2970 224 3021 ac
250 2967 477 3023 revereantur
499 2945 683 3021 officium:
719 2973 786 3022 nec
803 2948 993 3046 generosus
1011 2950 1084 3023 sere
1102 2951 1286 3047 quisquam
1308 2948 1491 3021 invenitur

182 3067 331 3140 usquam
349 3064 423 3120 tam
442 3046 597 3119 incivilis
615 3070 656 3119 ac
674 3046 861 3139 barbarus,
887 3049 948 3145 qui
969 3049 1026 3123 vel
1044 3048 1242 3121 inimicitiis
1261 3045 1341 3119 ullis
1359 3044 1491 3119 adduci

183 3141 301 3309 pollit,
345 3165 386 3215 ut
405 3144 585 3217 scurrilem
604 3143 640 3216 in
658 3146 804 3217 modum
823 3146 959 3243 linguae
979 3147 1175 3241 petulantia
1191 3144 1405 3239 conspergat
1421 3166 1492 3217 no·

211 3238 314 3311 ilem:
349 3259 490 3313 tantum
516 3239 612 3313 abest
639 3262 680 3313 ut
703 3244 887 3336 quisquam
906 3266 946 3313 ea
965 3244 1154 3321 nobilitate
1171 3266 1212 3311 ac
1231 3239 1401 3335 generosa
1417 3242 1495 3313 uir·

187 3334 274 3409 tutis
301 3335 443 3430 indole,
478 3361 546 3432 qua
573 3336 663 3408 mihi
690 3337 840 3433 persuasi
868 3336 1066 3430 quemlibet
1084 3336 1151 3411 else
1168 3336 1367 3429 vestrum,
1384 3358 1492 3434 aequo

184 3431 303 3505 animo
329 3429 438 3523 ferat,
472 3436 509 3509 ὃ(
537 3436 710 3531 principis
734 3437 770 3509 ὃ(
789 3435 894 3507 amici
913 3459 1045 3507 nomen
1063 3432 1231 3508 vilissimis
1251 3432 1493 3509 nebulonibus

185 3530 307 3602 haberi
334 3528 504 3605 ludibrio.
540 3532 655 3631 Quod
674 3557 793 3606 meum
821 3533 865 3604 dc
891 3532 996 3605 vobis
1015 3533 1193 3626 judicium
1223 3533 1280 3605 vel
1302 3535 1328 3606 is
1345 3528 1494 3607 affertur

184 3625 377 3698 confirmat
396 3627 594 3723 imprimis,
620 3655 726 3726 quem
745 3634 780 3703 in
798 3650 932 3703 memet
951 3630 1023 3727 ipsc
1041 3628 1165 3704 sentio.
1202 3631 1301 3704 Nam
1321 3654 1432 3729 quum
1449 3652 1496 3707 ne

185 3724 363 3796 tantulum
384 3724 529 3819 quidem
548 3751 605 3801 me
624 3732 812 3827 tetigerint
831 3729 971 3819 omnia,
1007 3752 1087 3822 quae
1107 3729 1344 3804 deblaterauit
1360 3728 1397 3801 in
1416 3750 1496 3821 me,

183 3840 302 3897 tamen
326 3845 496 3920 perquam
514 3821 663 3923 indigne
681 3828 750 3902 tuli
767 3824 999 4024 blasphemias
1015 3826 1115 3924 illas,
1139 3827 1270 3929 quibus
1287 3822 1499 3999 ²³⁰9&
