3322 4456
741 269 852 366 (ml

185 402 267 479 haec
295 399 321 476 fi
347 398 539 498 quicquam
566 390 701 492 scripto
719 394 994 493 responderent,
1019 394 1160 472 nossros
1177 423 1217 474 ea
1235 399 1445 477 confutatu-

186 522 257 575 ros.
293 501 418 595 Itaque
436 496 585 571 Oratori
603 496 837 567 commodum
857 493 990 586 videri,
1016 513 1056 568 ut
1074 497 1198 593 aliquis
1217 499 1378 574 nostrfim
1395 503 1442 576 de

184 597 398 694 purgatorio
416 593 547 666 scribat
566 592 666 689 Regi
685 587 921 664 offerendum.
1136 646 1139 651 -

138 696 293 785 Oriavo,
327 693 371 766 de
396 690 501 764 bonis
527 690 696 784 operibus
721 689 937 785 Theologor
963 685 1191 761 vehementer
1208 710 1328 768 tenere
1344 696 1438 771 suam

184 790 415 881 sententiam,
440 811 569 884 nempe
585 786 681 859 bona
699 809 807 882 opera
823 785 892 860 esse
907 782 1113 872 necelsariaa
1143 787 1334 862 Oratorem
1353 819 1440 868 vero

184 884 420 981 respondisse:
455 886 521 958 nos
539 906 682 980 quoque
699 885 819 955 dicere
836 882 1048 972 neceffatio,
1074 904 1283 957 nontamen
1303 889 1373 979 ita,
1399 910 1440 965 ut

184 1007 305 1080 peren
323 983 379 1056 vel
395 980 637 1079 justificemur
654 981 709 1051 vel
727 979 912 1054 salvemur.
947 978 1112 1078 Subjecit
1130 982 1190 1053 hic
1208 985 1345 1056 Orator
1357 1004 1371 1056 τ’
1393 987 1439 1058 li·

183 1082 242 1152 dei
269 1082 306 1155 &
336 1081 518 1152 haereticae
537 1078 722 1171 pravitatis
742 1077 993 1175 inquisitorem
1015 1076 1139 1148 melius
1156 1077 1306 1169 sentire,
1333 1098 1438 1176 quatu

183 1177 422 1274 Theologos3
459 1175 561 1249 fateri
587 1176 706 1267 enim,
739 1172 773 1248 l'e
798 1198 845 1249 ex
873 1172 1027 1248 le8tione
1044 1174 1205 1248 Locorum
1224 1184 1439 1254 communium

183 1273 258 1348 hoc
283 1273 500 1365 affecutum,
533 1293 575 1345 ut
601 1268 841 1369 Augustinum
870 1272 906 1346 δε
936 1270 1169 1345 Ambrofium
1187 1274 1314 1347 melius
1331 1299 1438 1372 quam

181 1390 285 1444 antea
312 1370 505 1467 intelligat.
541 1370 600 1442 De
621 1367 694 1442 fide
711 1393 855 1466 quoque
874 1367 1128 1464 lnquifitorum
1150 1368 1233 1442 fidei
1251 1368 1345 1445 reue
1362 1373 1438 1446 sen·

182 1468 272 1562 tire,
301 1468 443 1542 credere
461 1469 599 1564 igitur,
624 1466 690 1539 hac
708 1467 745 1538 iu
763 1488 862 1562 parte
881 1464 1112 1539 concordiam
1131 1465 1209 1538 fieri
1228 1469 1338 1563 polle.

136 1567 259 1655 Nono,
283 1565 329 1638 de
356 1566 450 1638 votis
476 1562 703 1655 monasticis,
735 1563 852 1656 dixit,
884 1562 1020 1658 sperare
1037 1563 1202 1658 Regem,
1229 1566 1300 1638 hoc
1319 1564 1352 1638 se
1369 1565 1438 1639 im·

183 1679 405 1756 petraturum
426 1660 645 1735 aPontifiee
664 1662 855 1754 Romano,
881 1681 922 1733 ut
941 1659 1039 1755 pueri
1059 1660 1245 1733 initientur
1258 1661 1410 1737 docendi
1422 1697 1437 1752 5
1471 1732 1475 1738 .

180 1756 239 1832 [εά
258 1782 302 1832 ne
319 1779 402 1833 ante
417 1782 547 1832 annum
566 1757 789 1857 trigefimum
808 1758 865 1832 vel
882 1756 1190 1925 guadragesrmum
1209 1759 1437 1836 advotamo·

182 1854 315 1931 nastica
342 1875 543 1954 cogantuta
571 1855 627 1929 led
648 1875 687 1927 ut
707 1855 859 1929 liberum
893 1876 924 1927 rt
942 1851 1025 1951 ipfis
1043 1853 1219 1947 deserere,
1250 1855 1438 1932 fineceffi·

181 1970 234 2026 tas
253 1953 400 2046 tulerit,
426 1952 656 2042 monasteria,
683 1952 718 2025 ὃ(
738 1976 867 2025 uxores
886 1953 1028 2025 ducere.
1056 1951 1098 2023 ld
1112 1954 1205 2025 enim
1217 1955 1438 2052 Regivideri

181 2048 250 2120 elle
266 2074 313 2122 ex
332 2074 369 2122 re
386 2074 458 2122 non
476 2050 588 2123 solum
611 2048 806 2137 Eccleliae,
832 2048 888 2121 sed
907 2051 1013 2121 etiam
1035 2051 1198 2143 politiae,
1224 2072 1266 2122 ut
1285 2050 1352 2124 fint
1371 2053 1439 2128 viri

182 2141 326 2232 idonei,
361 2146 430 2238 qnix
442 2144 643 2217 ministeriis
659 2144 696 2216 δι
716 2144 961 2217 functionibus
980 2145 1249 2218 admoveantur.
1283 2149 1441 2226 Probare

182 2237 298 2335 igitur
317 2239 482 2336 Regem,
508 2263 581 2311 non
601 2239 811 2311 monasteria
829 2238 982 2331 destrui,
1008 2238 1064 2311 sed
1083 2264 1128 2312 ite
1147 2241 1438 2341 advotaadigan·

182 2352 264 2409 tur:
292 2359 371 2409 nam
393 2335 563 2448 paulatim
581 2333 649 2407 else
665 2336 707 2407 ad
728 2336 959 2410 concordiam
977 2337 1214 2410 veniendum:
1244 2335 1437 2414 {lutetiam

182 2432 295 2508 cauda
320 2456 448 2533 equina
475 2432 682 2506 nonstatim
701 2434 738 2508 &
756 2434 948 2507 commode
966 2453 1045 2507 tota
1061 2435 1166 2507 evelli
1187 2430 1302 2532 polfit.
1336 2437 1438 2535 Ergo

181 2531 392 2604 monasteria
419 2529 467 2603 fic
485 2529 722 2623 instituenda,
747 2550 788 2606 ut
807 2529 901 2606 sedes
918 2529 1041 2628 postea
1060 2527 1127 2604 sint
1148 2530 1369 2625 studiorum,
1396 2554 1439 2609 ut

183 2625 253 2700 fint
269 2627 344 2702 illic
356 2628 511 2722 eruditi,
530 2629 591 2726 qni
604 2633 828 2723 juventutem
840 2629 1007 2720 doceant,
1025 2627 1132 2723 &qui
1143 2627 1187 2699 ab
1200 2626 1439 2723 ipfisdiscant.

181 2723 369 2799 Caeterum
386 2725 532 2801 utile&
552 2722 779 2799 neceffarium
796 2725 885 2818 elle,
905 2747 945 2800 ut
965 2724 1092 2801 modus
1102 2726 1321 2800 adhibeatur.
1348 2729 1437 2825 Spe·

182 2845 258 2896 rare
275 2843 393 2899 autem
414 2825 580 2922 Regem,
600 2825 670 2896 hoc
689 2823 722 2895 se
740 2848 760 2896 a
775 2822 953 2898 Pontifice
964 2825 1136 2897 Romano
1150 2824 1439 2921 impetraturum,

182 2940 223 2992 ut
241 2921 347 2995 etiam
368 2923 556 2995 Romanus
575 2919 744 2993 Pontifex
767 2921 813 2994 sic
832 2921 970 2995 sentiat.

134 3018 295 3115 Decimo,
319 3018 416 3094 dixit
433 3020 593 3112 Orator,
619 3041 638 3090 a
655 3017 859 3115 Theologis
876 3019 1028 3094 Gallicis
1046 3019 1258 3115 conjugium
1277 3016 1438 3093 sacerdo·

181 3116 251 3188 tale
278 3139 351 3191 non
378 3116 545 3212 probari,
581 3114 640 3189 sed
665 3117 764 3215 Regi
793 3117 866 3190 hoc
884 3119 1041 3190 medium
1062 3117 1223 3212 placere,
1250 3137 1290 3189 ut
1310 3116 1439 3190 nostris

181 3213 400 3312 conjugibus
418 3211 659 3290 sacerdotibus
677 3215 888 3312 conjugium
909 3237 1032 3287 eorum
1053 3214 1291 3304 relinquatur,
1311 3215 1439 3309 reliqui

180 3325 298 3380 autem
320 3311 357 3383 δι
376 3308 489 3384 futuri
508 3311 544 3381 in
563 3308 741 3384 coelibatu
762 3328 946 3381 maneant:
967 3309 1155 3404 quiantem
1168 3308 1438 3382 duxerintuxo·

116 3436 119 3442 ·
179 3426 257 3495 res,
289 3424 332 3477 ut
357 3404 552 3481 abstineant
578 3401 775 3480 ministerio
800 3402 896 3477 sacro
923 3405 959 3477 ὃ(
990 3402 1153 3498 pastorali
1182 3427 1278 3478 cura.
1321 3404 1437 3502 Quod

180 3501 275 3576 enim
295 3499 407 3575 nostri
425 3504 469 3578 de
489 3502 641 3578 Abbatir
650 3502 845 3601 Paphnutii
858 3501 1030 3577 sententia
1040 3499 1264 3597 producant,
1281 3499 1353 3577 huc
1363 3527 1439 3581 non

179 3599 383 3694 pertinere,
416 3597 695 3699 Theologotum
718 3597 885 3702 judicio:
920 3622 983 3673 eos
1009 3598 1104 3671 enim
1130 3597 1330 3693 affirmate,
1366 3602 1438 3680 hoc

179 3693 299 3768 dicere
324 3697 520 3771 concilium
547 3699 592 3773 de
615 3698 691 3790 his,
716 3698 779 3796 qui
806 3703 887 3773 ante
903 3693 1138 3771 sacerdotium
1155 3698 1326 3773 duxerint
1343 3721 1438 3774 uxo·

180 3815 258 3966 ger,
276 3793 409 3965 dnullos
435 3795 531 3869 enim
557 3819 715 3896 unquam
732 3799 920 3891 inventos,
946 3795 1008 3893 qui
1026 3793 1194 3872 duxerint
1209 3796 1440 3964 eonjugegin

195 3913 274 3966 acer
301 3909 392 3967 otro.
1063 3930 1066 3937 ·
1399 3915 1442 3966 rr·
