3322 4456
160 235 1134 366 ama‘annovart
1263 331 1267 337 .
1414 265 1464 354 m

156 389 225 466 suis
242 384 438 464 ditionibus
455 383 603 459 haberet
621 379 913 482 receptaculum,
931 379 988 455 sed
999 383 1088 459 &ad
1106 385 1225 484 plures
1239 409 1302 484 per
1313 383 1459 460 univer·

154 488 231 563 sum
251 488 383 562 Gallia²
402 507 554 581 regnum
572 502 729 555 manaret
738 512 752 566 t
773 480 937 573 Suntque
952 482 1028 574 ejus
1037 485 1086 554 rei
1094 486 1457 560 nonProtestantium

153 584 212 661 sed
239 587 277 661 δι
303 582 581 656 Pontificiorum
601 580 651 670 (a)
686 578 911 669 Scriptores,
937 574 1112 650 luculenti
1129 581 1255 671 testes,
1283 586 1379 658 Haec
1397 607 1457 657 ea·

153 683 260 777 dem,
279 704 356 754 tum
376 702 521 777 quoque
541 683 586 747 A.
601 693 705 768 1533.
739 671 896 743 Librum
913 670 1047 764 edidit,
1066 676 1125 744 cui
1142 681 1287 774 titulus,
1307 686 1356 757 Le
1374 685 1455 758 Mi*

153 787 227 857 roir
242 784 281 853 de
298 784 404 853 l'amr
419 775 615 869 pechereffe,
643 770 715 841 five
733 772 905 865 Speculum
921 775 1040 843 animae
1051 783 1252 863 peccatricis.
1288 780 1328 850 In
1346 804 1390 852 eo
1408 780 1455 853 li·

155 878 246 967 bro,
280 898 364 947 cum
384 873 448 941 fibi
468 865 732 961 deprehendisse
751 867 957 940 viderentur
975 865 1217 960 Sorbonistae,
1251 877 1454 968 quaedami

155 971 302 1047 suorum
320 968 464 1064 placitis
481 962 633 1055 diversa,
653 966 788 1062 quippe
807 988 891 1037 cum
911 965 1161 1062 nullaquoque
1172 967 1226 1058 (b)
1244 970 1332 1042 inibi
1344 974 1455 1046 Sanc·
1527 1006 1531 1014 ·

155 1087 279 1144 torum
298 1063 551 1150 Sandiarumve
568 1083 764 1136 recurreret
782 1064 941 1155 mentio,
963 1063 1061 1135 nulla
1080 1063 1324 1159 Meritorum,
1341 1093 1456 1162 neque
1520 1069 1522 1072 ’

84 1180 89 1187 “
156 1166 254 1239 aliud
282 1163 491 1237 statueretur
516 1161 768 1258 Purgatorium
798 1181 931 1258 praeter
956 1159 1091 1234 Christi
1114 1159 1343 1260 sanguinem,
1370 1169 1457 1262 quin

154 1260 231 1338 imi>
257 1264 383 1336 Preces
410 1259 482 1332 illae
509 1259 698 1331 ordinariae
725 1282 807 1357 quae
832 1258 895 1332 sub
922 1259 1032 1332 titulo
1060 1262 1164 1334 Saloe
1182 1264 1313 1360 Regina
1329 1265 1456 1336 uendi·

21 1364 30 1370 ’
153 1379 295 1453 tantur,
330 1361 532 1431 immutatae
558 1355 689 1448 essent,
723 1377 832 1454 atque
858 1360 894 1430 in
921 1356 1105 1431 Gallicum
1126 1358 1260 1433 idioma
1277 1361 1455 1436 transsatae

149 1482 259 1557 atque
274 1458 317 1530 ad
335 1456 450 1553 ipsum
466 1451 585 1549 Jesum
606 1452 792 1528 Christum
810 1455 1024 1552 applicatae;
1051 1457 1152 1527 Tum
1170 1455 1302 1533 sudium
1320 1460 1393 1553 est,
1414 1480 1457 1536 ut

150 1555 198 1633 eb
223 1555 435 1632 temeritatis
460 1551 631 1650 progredi
658 1575 732 1625 non
759 1573 965 1626 vererentur
983 1553 1020 1624 hi
1040 1553 1131 1624 vitio
1150 1560 1258 1629 creati
1277 1558 1455 1635 librorum

149 1653 341 1747 censores,
387 1673 431 1727 ut
465 1650 617 1725 eundem
654 1651 690 1722 in
725 1651 992 1747 prohibitorum
1028 1674 1217 1724 numerum
1253 1655 1453 1732 referrent:

146 1752 279 1851 Quid?
298 1752 395 1849 quod
413 1746 459 1824 eb
478 1773 623 1848 quoque
641 1767 718 1822 tum
731 1749 963 1846 processerint
974 1748 1227 1846 Bedda&ejus
1238 1750 1454 1845 sodales,'ut

144 1873 223 1926 non
249 1848 450 1924 destiterint
476 1848 634 1946 publicis
651 1844 870 1922 sermonibus
888 1851 925 1921 in
944 1872 1025 1922 eum
1044 1848 1225 1945 insurgere
1243 1854 1321 1943 (c);
1352 1852 1454 1928 Nam

147 1948 188 2024 &
212 1946 258 2022 ad
283 1947 459 2023 Calendas
480 1944 677 2038 octobris,
702 1970 775 2044 quo
791 1949 875 2021 anni
896 1969 1061 2043 tempore
1078 1949 1180 2045 pueri
1200 1953 1261 2047 qui
1280 1951 1300 2023 a
1320 1950 1454 2024 Gram-

146 2045 288 2120 maticis
304 2046 349 2120 ad
365 2044 587 2120 dialediica'm
606 2043 833 2144 demigrant,
852 2046 1010 2119 exerceri
1023 2045 1169 2143 agendis
1180 2045 1307 2122 sabulis
1318 2048 1454 2145 solent,

146 2142 225 2214 abta
247 2141 299 2215 est
324 2146 362 2213 in
385 2142 588 2235 Gymnafio
618 2142 792 2216 Navarrae
816 2142 957 2232 fabula,
982 2141 1066 2215 felle
1085 2145 1123 2217 dc
1142 2168 1245 2218 aceto
1264 2146 1452 2244 plusquam
1528 2144 1530 2147 ⁵

145 2237 310 2311 mordaci
339 2234 534 2324 conspersa.
584 2234 746 2306 lnduiiae
768 2236 849 2307 sunt
867 2238 1038 2331 personae.
1082 2241 1225 2336 Regina
1244 2246 1298 2334 (d)
1324 2246 1453 2321 mulie·

146 2328 265 2407 briter
281 2327 399 2401 nendo
418 2328 575 2418 intenta,
596 2328 632 2402 ὃς
652 2328 741 2402 nihil
759 2330 853 2401 aliud
872 2357 976 2429 quam
996 2336 1118 2409 colum
1139 2337 1177 2410 ὃ(
1196 2362 1278 2412 acus
1289 2341 1454 2420 tractans.

145 2430 251 2506 Tum
279 2426 448 2525 Megaera
475 2424 528 2497 illi
546 2423 639 2497 faces
656 2425 871 2518 admovens,
898 2452 937 2503 ut
955 2455 1038 2504 acus
1057 2435 1095 2506 &
1115 2434 1238 2504 colum
1256 2437 1428 2532 abjiceret
1439 2474 1454 2528 3

147 2527 220 2614 Illa
249 2525 509 2622 aliquantulum
539 2523 643 2595 reniti
672 2524 709 2597 bc
737 2522 944 2612 obluslari3
989 2526 1053 2597 ubi
1081 2551 1166 2599 uero
1193 2531 1314 2602 Furiae
1340 2533 1456 2608 celsis·¹

144 2625 224 2718 set,
249 2622 451 2720 Evangelia
467 2622 503 2693 in
521 2644 643 2693 manus
661 2623 825 2719 accepit,
851 2646 895 2695 ex
916 2621 1046 2718 quibus
1066 2625 1206 2717 omnia,
1227 2626 1357 2721 quibus
1375 2650 1458 2708 ante

144 2720 367 2814 assuevisset,
403 2721 440 2794 ὃ(
466 2742 570 2815 paene
595 2716 740 2817 seipsam
769 2719 978 2795 dedisceret.
1028 2721 1188 2796 Demum
1214 2726 1349 2800 extulit
1366 2726 1400 2803 se
1416 2731 1455 2807 in

1311 2886 1315 2891 .
1331 2846 1455 2926 tyran·

187 3037 238 3119 (a)
261 3031 362 3099 Certe
380 3029 504 3096 Florim.
521 3028 557 3094 de
575 3030 795 3101 REMOND
812 3034 893 3101 Hist.
913 3035 951 3100 de
968 3034 1123 3104 l’Heresie
1140 3037 1201 3104 dcc.
1228 3035 1269 3104 L.
1282 3039 1361 3105 Vll.
1379 3063 1408 3107 c.
1420 3028 1451 3124 3ss

145 3119 226 3186 inter
241 3119 318 3183 alia:
344 3116 425 3182 Cela
440 3117 483 3181 est
501 3131 700 3183 notamment
716 3123 850 3204 masque
866 3142 918 3204 par
934 3137 1006 3188 toas
1025 3127 1070 3188 les
1088 3123 1261 3188 Historiens
1279 3124 1318 3186 de
1335 3125 1402 3189 l’un
1420 3124 1452 3191 dt
1528 3122 1533 3145 '

147 3204 188 3283 de
212 3203 235 3266 l’
245 3218 331 3267 autre
356 3201 447 3285 parti,
473 3220 536 3281 que
556 3216 635 3266 cette
650 3202 805 3283 Prinqcesle
821 3205 907 3268 seule
922 3205 971 3268 fut
986 3206 1097 3286 cause,
1122 3206 1188 3268 sans
1206 3227 1225 3284 y
1243 3207 1349 3289 pensor
1366 3211 1452 3287 mal,

147 3286 189 3351 'de
206 3289 236 3351 la
251 3285 467 3353 conservation
486 3285 538 3348 des
558 3283 743 3348 Lutheriens
762 3286 935 3368 Francois,
961 3285 1250 3368 sequerisque,
1275 3287 1326 3368 qui
1344 3288 1452 3372 depuis

148 3367 219 3436 s'esl
243 3370 374 3434 attribue
399 3372 430 3431 le
454 3387 533 3431 nom
558 3368 597 3432 dc
619 3365 815 3447 Reformde,
838 3369 1002 3432 n’en‘eust
1019 3372 1070 3433 etc
1086 3370 1228 3435 estoafde
1245 3373 1320 3435 dans
1339 3375 1368 3436 le
1384 3377 1453 3438 ber·
1592 3373 1599 3386 '

148 3471 237 3517 eeau.
279 3451 333 3518 De
350 3453 460 3518 nostris
477 3451 673 3532 scriptoribus
690 3471 738 3517 tes
754 3449 797 3514 cll
812 3467 898 3516 nota.
941 3451 1041 3519 Cons.
1059 3452 1177 3521 BAEL.
1195 3455 1226 3519 in
1244 3453 1388 3524 Diclion.
1408 3458 1452 3525 V.

151 3528 295 3600 Navarre
311 3552 377 3601 not.
397 3537 435 3600 F.
454 3559 483 3620 p.
499 3538 573 3619 467.
1396 3557 1402 3563 ’

156 3710 161 3719 .
192 3633 245 3711 (b)
268 3630 386 3698 BEZE
405 3636 534 3700 Histoir.
552 3633 730 3705 Ecclesiast.
748 3651 817 3721 pag.
837 3651 886 3717 ¹4·

194 3731 246 3811 (c)
271 3729 388 3796 BEZE
406 3734 477 3797 ibid.
496 3753 563 3817 pag.
576 3753 624 3815 13.

148 3838 247 3992 &P
272 3834 343 3903 CA
356 3834 450 3902 LVI
462 3835 511 3902 N.
535 3833 632 3922 Epist.
656 3838 695 3904 ad
711 3836 763 3903 Fr.
781 3835 945 3906 Danielem
962 3837 993 3905 in
1009 3834 1175 3928 Epistolat.
1192 3845 1320 3909 volum·
1335 3861 1406 3971 pag.
1426 3862 1454 3908 1.
