3322 4456
150 278 409 379 A.1527.&8.
482 280 521 354 R
569 277 603 352 E
652 276 695 352 N
744 275 784 349 O
832 271 871 348 V
920 276 951 349 A
1000 277 1038 349 'l'
1088 279 1118 352 l.
1400 292 1445 357 σι

194 405 328 499 eene,
352 404 478 480 codetn
497 402 568 476 boc
585 423 678 475 anno
701 408 805 493 1526.
850 394 988 469 Erasini
1004 397 1089 475 Coll
1141 401 1198 474 uia
1216 401 1268 496 (a)
1295 401 1448 476 familiia·

146 501 197 576 tia
215 505 372 577 unanimi
389 499 558 577 consensu
577 497 759 570 damnavit
777 490 942 565 Facultas
959 493 1111 570 Parisien
1142 525 1178 590 s,
1198 524 1278 596 quae
1298 503 1334 576 &
1352 524 1447 574 anno

144 603 319 770 proximo
341 621 444 694 ¹527·
473 598 529 690 (b)
564 594 622 668 die
644 613 700 685 17.
718 587 933 671 Decembris
957 588 1059 659 aliam
1083 594 1119 664 in
1135 597 1223 670 alios
1243 599 1383 674 Erasmi
1400 600 1446 673 li·

171 721 229 772 ros
246 695 360 769 edidit
376 696 569 769 censuram.

193 804 227 878 §-
245 792 404 866 XXlll.
438 784 620 861 Antonius
644 798 763 854 autem
785 777 958 853 Proteufis
975 779 1237 879 Cancellirius,
1263 791 1443 866 infenfiffi·

144 910 226 960 mus
251 882 537 959 Reformationis
561 877 694 971 hostis,
727 878 817 950 nihil
843 877 971 974 reliqui
996 873 1170 970 faciebat,
1195 882 1268 975 qub
1287 889 1324 962 ὃ(
1344 892 1442 991 Regi

142 980 209 1057 suo
236 984 276 1057 δι
303 978 449 1055 Senatui
473 975 637 1074 supremo
662 972 825 1050 adversus
851 972 1081 1049 Lutheranos
1106 977 1230 1050 odium
1258 982 1442 1064 instillaret

144 1096 183 1151 at
210 1101 254 1152 ue
280 1075 522 1171 asperitatem,
550 1071 682 1171 suoque
698 1070 999 1170 in'persequendis
1017 1071 1055 1147 δι
1074 1074 1302 1149 retundendis
1322 1080 1443 1154 Evan-

143 1101 276 1272 gelicae
302 1173 475 1250 Veritatis
499 1169 633 1246 asseclis
659 1170 778 1244 litaret
803 1171 936 1271 genio,
964 1169 1225 1269 Quumigitur
1244 1175 1444 1254 Cardinalis

143 1268 229 1346 essct
253 1271 292 1347 &
316 1268 552 1369 Archiepisco
581 1288 621 1344 us
647 1267 880 1360 Senonenfis,
913 1267 1142 1341 commodam
1172 1268 1236 1344 libi
1254 1272 1444 1350 videbatur

141 1366 264 1444 nasius
291 1367 514 1443 occafionem
577 1365 732 1464 vangelii
758 1364 1153 1476 cursumremorandi?
1186 1368 1273 1444 Erat
1291 1373 1385 1446 enim
1406 1375 1443 1448 in

141 1464 316 1540 Concilio
333 1462 595 1540 Constantiensi
613 1483 695 1536 ante
712 1484 833 1534 omma
850 1459 1040 1558 Episcopis
1058 1463 1284 1562 injustiam,
1302 1490 1344 1546 ut
1356 1473 1442 1546 Me.

141 1563 353 1660 tropolitani
378 1561 525 1637 subinde
551 1559 787 1659 provincialia
814 1558 982 1633 Concilio
1003 1583 1269 1655 convocarent,
1301 1569 1344 1642 ad
1364 1594 1442 1645 me·

137 1655 294 1735 desidum
312 1660 501 1755 abusibus,
522 1662 585 1756 qui
604 1657 662 1731 vel
680 1657 717 1729 iii
733 1655 895 1732 destrina
912 1655 970 1729 vel
989 1656 1025 1728 in
1042 1657 1128 1734 disci
1158 1660 1228 1732 lina
1244 1684 1442 1762 atquemo·

134 1757 236 1832 ribus
261 1759 332 1833 irre
359 1757 494 1852 serant,
529 1778 641 1853 utque
659 1752 812 1828 sollicite
830 1779 913 1828 cum
931 1753 998 1828 suis
1016 1684 1265 1854 proviscrent,
1292 1785 1336 1835 ne
1354 1765 1444 1861 quid

135 1851 302 1930 Ecclcfia
325 1783 530 1932 Xetiimenti
558 1871 725 1951 capereti
762 1853 864 1927 Huic
890 1855 1002 1953 igitur
1027 1855 1173 1928 decreto
1198 1876 1240 1929 ut
1265 1856 1442 1936 satisface-

134 1971 214 2047 ret,
247 1953 276 2026 is
319 1955 427 2052 juxta
451 1975 608 2029 veterem
634 1950 924 2049 supputationem
945 1953 990 2023 A.
1005 1975 1110 2048 ¹527·
1140 1956 1246 2050 juxta
1263 1958 1443 2052 nostram,

133 2047 220 2124 Aa
253 2005 311 2127 ts.
349 2054 506 2126 indicere
531 2072 639 2146 atque
666 2051 844 2123 celebrare
873 2052 1077 2143 Concilium,
1112 2051 1248 2128 dietum
1277 2059 1439 2132 Senoncn·

127 2072 264 2238 sdes,
295 2147 395 2237 quod
421 2144 723 2250 Archiepiscopus
749 2145 833 2216 esset
860 2146 1096 2239 Senonensis,
1136 2150 1223 2224 licet
1249 2156 1356 2226 etiam
1386 2153 1440 2227 se·
1519 2192 1520 2196 ¹

139 2251 239 2308 ratur
264 2257 346 2313 cum
373 2258 438 2329 per
462 2258 606 2307 omnem
626 2258 737 2307 vitain
756 2241 961 2329 nequidem
981 2242 1179 2316 Ecclesiam
1199 2248 1437 2326 senonensem

57 2335 70 2415 J
138 2327 256 2405 oculis
282 2349 438 2429 unquam
463 2325 663 2426 usurpasse,
696 2329 755 2402 sed
782 2331 864 2403 vere
890 2335 1098 2434 Parifiensc,
1124 2339 1248 2411 iloco
1265 2345 1326 2416 ubi
1346 2350 1441 2420 celc-

138 2425 334 2517 brabiituri
372 2429 416 2501 ln
444 2428 514 2502 hoc
539 2449 586 2499 ex
613 2444 691 2498 tota
716 2428 902 2521 provincia
928 2431 1118 2503 Senonensi
1142 2434 1334 2531 Episcopi,
1362 2443 1444 2532 (nifi

137 2525 237 2624 quod
265 2523 526 2599 Aurelianensis
542 2523 664 2598 saltem
685 2522 1013 2621 Cher-episcopum
1034 2526 1089 2615 (d)
1121 2529 1264 2602 Petrum
1279 2537 1319 2603 de
1338 2538 1447 2607 Stella

135 2621 184 2701 cb
210 2621 341 2698 misisse
363 2621 538 2696 reseratur
562 2621 786 2791 congiegig
796 2619 816 2693 ὲ
835 2623 870 2694 d.
892 2643 923 2722 3.
943 2621 1050 2694 Febr.
1067 2645 1178 2720 usque
1196 2627 1238 2699 ad
1256 2627 1292 2700 d.
1310 2653 1346 2713 9.
1366 2630 1446 2704 Oc.

66 2825 69 2829 ’
177 2830 229 2978 <a
242 2849 285 2977 i·
302 2826 519 2979 aiau
535 2830 577 2978 r
593 2741 1098 2979 ς’
1203 2832 1275 2901 2¹·
1370 2748 1441 2906 :i

137 2932 231 3078 cosii
256 2932 473 3093 nliuuoi.
490 2929 565 3063 inc?
582 2932 734 3074 lifoi.
749 2933 767 2995 Ρ
784 2959 791 2975 ’
811 3079 818 3093 .
835 2934 902 3096 ,ω’
959 2957 967 2973 '
1078 2960 1085 2975 '
1109 2936 1140 3000 '²'
1159 2935 1232 2983 ²²⁰⁵

136 3076 1444 3262 „ia&aliisallisinsulsissimam}-suricinii·

137 3247 353 3329 inscriptione:
382 3246 554 3312 Concilium
578 3247 760 3400 Senonas&
790 3246 960 3324 Parrfiense
981 3263 1085 3330 potius
1109 3246 1129 3310 A
1152 3250 1233 3313 Loco
1259 3252 1442 3340 dicendum,

139 3346 247 3395 contra
268 3321 520 3394 lutheranorum
543 3327 685 3411 baercscs,
802 3353 834 3390 ro
860 3328 1091 3407 Reformati'one
1113 3331 1239 3411 ecclcstae
1256 3334 1442 3408 celebrarem

140 3412 274 3479 Lcrerr'ae
290 3411 499 3496 Paristorum,
514 3413 574 3495 snb
588 3410 751 3476 reverendi
787 3434 835 3474 mo
853 3409 1002 3494 Domino,
1025 3411 1158 3478 Antonio
1175 3416 1326 3503 Uncto,
1350 3426 1444 3491 ritule*

134 3495 239 3575 sande
253 3494 415 3580 Anccslafiae
431 3498 610 3589 Presbytero
627 3494 798 3575 cardinali,
822 3495 980 3574 Scironenſs
994 3496 1110 3562 Archie
1135 3501 1241 3585 stopo,
1264 3503 1443 3654 Galsliarirm

1430 3644 1443 3678 s

143 3599 180 3640 cc
204 3577 375 3645 Germanic
397 3582 558 3663 Primam,
581 3603 636 3644 nec
652 3603 711 3644 noc
726 3577 881 3662 Albrgenſs
894 3579 1055 3666 Episcopo,
1103 3588 1214 3648 ranciae
1231 3587 1422 3658 camelario

1131 3526 1141 3560 s

143 3657 317 3725 inchoatum
340 3687 418 3727 arrico
442 3662 572 3728 Domini
588 3681 682 3748 1527.
714 3663 756 3737 δ’
780 3662 1018 3744 consumnrmuni
1035 3689 1112 3729 anno
1122 3666 1285 3758 sequenti,
1307 3691 1446 3764 tempore

143 3744 311 3813 Clementis
325 3745 417 3832 Pcpae
431 3746 466 3814 V
462 3748 508 3812 ΙΙ.

185 3828 240 3909 (d)
263 3824 407 3915 Franfoi‘s
422 3829 450 3893 le
467 3830 574 3896 Μαίη
589 3833 710 3900 histoire
727 3833 766 3896 de
783 3828 914 3917 l'Eglise
930 3831 961 3898 a
979 3833 1102 3899 diocese
1111 3835 1283 3904 d'Otlecns
1299 3839 1358 3902 fol.
1370 3860 1444 3929 ³3¹·

143 3913 218 3988 edit.
241 3911 357 3981 Autel.
377 3911 470 3997 1648.
490 3915 556 3984 soli
593 3917 680 3987 conf.
697 3914 1093 3988 unicornuorum.
1111 3925 1182 3988 lc.
1205 3943 1236 4006 p.
1255 3936 1351 4001 ¹95¹·

400 4176 405 4183 ‚
