3322 4456
224 324 303 424 ηε
443 310 1543 420 rrrs‘ronrnevaseserunt-1545:

232 469 435 549 aequaretur
459 448 561 522 vicus
583 447 643 520 ille
659 444 758 540 solo,
783 443 1021 520 resecarentur
1037 445 1146 519 etiam
1167 444 1308 521 arbores
1327 471 1472 543 omnes,
1498 445 1539 523 8(

231 551 335 625 loeus
354 546 557 622 redderetur
575 543 921 630 desertusomninoa
941 541 1082 617 Interes
1100 565 1220 616 remeo
1238 546 1348 620 eauis
1366 566 1456 620 tunc
1474 546 1539 619 ad-

231 646 347 718 hibita
365 669 437 717 non
456 641 548 734 fult,
575 643 718 740 Regem
738 639 1015 714 admonentibus
1032 641 1234 734 nonnullis,
1258 643 1295 716 ὅ(
1314 645 1351 714 in
1371 644 1448 735 his,
1465 647 1541 718 Gu-

231 748 339 817 lielmo
366 744 495 834 Bellajo
520 743 686 836 Langaeo,
720 741 782 834 qui
806 759 884 812 turn
903 738 1064 811 ProRex
1080 759 1156 813 erat
1175 741 1213 811 in
1231 737 1410 837 Taurinis,
1434 761 1477 816 ut
1495 743 1541 818 de

234 840 334 913 eausa
352 860 429 912 tota
445 842 542 934 prius
561 834 809 933 cognosceret.
1391 917 1393 922 y
1507 886 1537 899 ,‚
1616 904 1619 909 ,

283 937 352 1010 Sed
380 937 450 1008 hoc
478 936 622 1007 demum
650 957 765 1024 anno,
798 930 934 1025 Judicii
952 951 1060 1028 utque
1080 933 1230 1010 Senatus
1250 934 1427 1034 Aquenlis
1444 961 1542 1039 prae·

234 1033 347 1108 fedius
367 1036 440 1125 (a),
474 1034 649 1128 Johanner
674 1032 865 1123 Mirones,
900 1032 1037 1126 Aprilis
1062 1031 1120 1104 die
1139 1033 1381 1130 duodecimo,
1407 1037 1543 1113 Senatu

236 1151 465 1222 convocato,
502 1132 628 1203 recitat
655 1128 773 1203 literas
792 1129 932 1227 Regis,
957 1126 1088 1226 quibus
1105 1128 1289 1204 exsecutio
1308 1133 1544 1211 mandabatur

235 1231 317 1303 latae
343 1228 540 1302 sententiae.
589 1227 666 1301 Has
692 1247 810 1301 autem
838 1226 957 1300 literas
984 1226 1193 1299 Tournonii
1221 1228 1422 1304 Cardinalis
1441 1256 1545 1310 corn·

235 1326 464 1401 mendatione
489 1325 624 1399 dicitur
650 1322 850 1420 impetrasse
875 1323 1054 1398 Minerius
1072 1323 1152 1418 (b),
1179 1327 1429 1423 peridoneum
1446 1328 1547 1404 solli·

236 1427 428 1498 citatorem
454 1425 650 1520 Philippum
677 1427 863 1498 Certiorem.
906 1423 957 1496 Et
974 1444 1160 1520 acceperat
1175 1425 1347 1525 equidem
1367 1428 1548 1504 Mineriua

239 1545 296 1592 eas
311 1523 385 1616 jarn
404 1520 519 1594 mense
534 1521 727 1616 Januario,
745 1545 860 1619 neque
877 1541 996 1595 tarnen
1014 1544 1070 1594 eas
1088 1543 1131 1596 ut
1140 1544 1218 1596 tum
1230 1524 1410 1621 proferret
1419 1553 1438 1620 ,·
1448 1527 1548 1600 arbi·=

236 1617 397 1692 trabatur
413 1639 685 1716 opportunum,
702 1621 792 1714 quin
808 1643 864 1692 eas
882 1620 1005 1711 potius
1021 1620 1058 1691 in
1077 1620 1147 1691 hoe
1165 1639 1307 1716 tempus
1317 1626 1366 1695 rei
1404 1624 1548 1698 erendae

237 1718 350 1814 tnagis
377 1715 634 1807 commodum,
667 1713 837 1788 servabat.
880 1715 929 1786 lis
947 1715 1106 1789 recitatis
1122 1715 1257 1806 literis,
1279 1717 1359 1790 dele
1399 1712 1551 1797 tsunr'e

239 1814 372 1889 Senatu
392 1812 471 1902 (e),
505 1810 569 1906 qui
596 1834 670 1887 rem
695 1807 944 1904 exsequantur.
994 1810 1065 1883 His
1087 1811 1290 1908 adjutorem
1309 1812 1377 1888 sese
1395 1814 1551 1909 profite-

237 1911 345 1986 batur
372 1906 574 2001 Minerius,
603 1904 648 1981 eb
667 1905 765 2004 quod
784 1903 927 1980 nbsente
945 1906 1123 1981 Griniano
1141 1910 1348 1985 Provinciae
1367 1912 1550 1991 Prteledlo

239 2016 362 2106 (quern
388 2004 433 2080 ad
456 2024 678 2079 conventum
698 2002 974 2100 Wormatr'ensem
992 2004 1029 2074 in
1048 2003 1279 2080 Germaniam
1299 2009 1461 2108 legatum
1480 2013 1552 2085 mia

238 2106 328 2182 serat
345 2102 448 2193 Rex)
465 2103 751 2200 Rempublicarn
770 2101 930 2202 gerebat.
977 2101 1056 2198 Jam
1074 2121 1159 2176 ante
1175 2103 1264 2181 verb
1282 2102 1553 2182 mandatu-keo·

239 2207 296 2302 gis
309 2201 440 2376 pallito
467 2201 692 2278 conduxerat
716 2203 862 2302 copies,
898 2201 1048 2302 Anglici
1074 2200 1160 2275 belli
1178 2203 1292 2280 enula.
1339 2203 1553 2285 Verum-'llll

240 2302 283 2374 ad
324 2326 409 2377 uum
438 2302 509 2377 hoc
538 2301 743 2378 institutum
762 2301 813 2378 est
831 2300 924 2378 usus.
973 2301 1033 2377 nd
1051 2300 1154 2396 haec,
1190 2302 1553 2404 Mulliliae,··ll·quls3

241 2401 422 2497 Arelatae,
456 2401 658 2503 ceterisque
683 2405 722 2478 in
746 2401 838 2477 loeis
861 2400 1167 2500 frequentioribus
1192 2405 1361 2479 militiam
1383 2403 1555 2480 omnibus

240 2500 502 2601 imperaverat,
533 2503 596 2603 qui
622 2502 765 2602 pollent
791 2526 887 2579 orma
913 2500 1025 2597 ferre,
1059 2499 1162 2600 gravi
1189 2499 1406 2578 denunciata
1428 2524 1556 2603 poena.

242 2600 389 2677 Deinde
411 2624 457 2674 ex
476 2602 737 2693 Avenionensrs
753 2606 831 2702 agri
851 2599 1004 2691 finibus,
1030 2599 1177 2671 ditionis
1194 2599 1425 2691 Pontificire,
1437 2622 1439 2627 ·
1452 2596 1554 2672 miffa

242 2696 553 2791 quoque-fuerunt
568 2703 714 2771 auxilia.
751 2701 894 2768 Primus
912 2697 1029 2788 igitur
1046 2696 1203 2782 impetus
1221 2696 1335 2765 fadlus
1351 2693 1405 2762 est
1421 2712 1496 2783 non
1514 2694 1554 2761 in

242 2793 516 2878 Merinrlrlarros,
541 2808 668 2862 terum
687 2794 761 2861 ina
789 2808 869 2866 rum
887 2786 1027 2880 oppido
1045 2781 1211 2854 Pertufio
1227 2788 1404 2856 vicinum.

293 2884 417 2958 Idibus
433 2884 732 2976 auternAprllis,
796 2883 943 2964 inerim,
961 2875 1067 2948 turbe
1083 2894 1277 2970 procerum
1295 2895 1331 2953 at
1357 2873 1553 2958 reducum

246 2981 417 3077 stipatus,
444 2976 669 3050 Cadenetum
684 2972 800 3047 venit.
843 2970 913 3044 Sed
933 2972 1066 3046 interea
1084 2974 1312 3050 centuriones
1329 2898 1490 3076 dliquot‚
1515 2981 1555 3056 in

245 3078 357 3155 unum
376 3074 414 3154 lit
433 3075 583 3150 alterum
601 3072 748 3163 ticum,
763 3068 808 3142 ad
829 3069 1043 3144 Druentiam
1064 3070 1405 3171 flumen,·irruunt,
1422 3076 1461 3152 bc
1477 3101 1555 3154 cae·

245 3179 373 3274 dibus,
405 3170 692 3274 direptionibus,
723 3167 900 3242 incendiis
925 3165 1089 3287 gratini,
1124 3190 1291 3268 magnam
1316 3174 1392 3251 vim
1411 3178 1555 3349 peeopis

335 3332 339 3341 -
398 3301 402 3310 ·
867 3290 870 3301 '
985 3299 988 3303 ’
1042 3292 1045 3297 ’
1428 3315 1433 3322 ·
1479 3299 1558 3349 ar·

248 3392 339 3539 n
427 3376 714 3551 melers
729 3373 1122 3529 ereneus-ern·
1141 3376 1371 3542 neree

248 3496 267 3541 c
316 3518 372 3538 ..
434 3515 441 3529 .
498 3513 505 3527 .
642 3508 656 3529 t
719 3510 726 3525 ·
856 3510 863 3526 ·
949 3508 956 3523 ·
1030 3509 1037 3524 ·
1114 3507 1122 3522 ·
1207 3510 1214 3524 .
1298 3512 1305 3526 .

289 3487 448 3638 (bffibr
471 3551 560 3618 nobis
582 3547 848 3616 circumstantiam
872 3544 1040 3632 explicavit
1065 3543 1322 3615 THUANUS
1349 3550 1374 3611 l.
1389 3567 1418 3611 c.
1452 3548 1508 3631 qul
1524 3549 1557 3615 lit

248 3638 377 3707 Minerii
400 3638 489 3704 nobis
511 3636 645 3700 delineat
661 3632 870 3700 cherablerem
887 3633 968 3697 hunc
985 3633 1016 3697 in
1033 3630 1189 3696 modum:
1214 3630 1291 3714 Jot.
1305 3630 1470 3696 Minerirrs
1486 3631 1558 3718 Op·

248 3725 344 3810 peda,
376 3724 475 3786 lrorno
499 3723 689 3801 vehemens,
721 3720 752 3785 dr
777 3721 819 3785 ob
835 3732 976 3802 acceptas
995 3716 1011 3779 a
1029 3713 1301 3798 Caprarienfibus,
1327 3717 1438 3801 quibus
1456 3717 1559 3782 vicina

249 3809 360 3894 praedia
374 3807 518 3884 babebat,
536 3805 681 3886 injurias,
698 3803 923 3882 infellillrmus‚
941 3801 995 3885 qui
1004 3799 1168 3866 Callaneo
1181 3801 1281 3867 subita
1289 3815 1394 3866 morte
1402 3799 1556 3882 alsumto,

248 3896 279 3960 in
294 3892 385 3976 ipfios
404 3896 516 3957 locum
533 3888 701 3974 suffedlus,
723 3885 871 3958 adversus
886 3885 1072 3964 valdenseis
1086 3886 1255 3954 renovarit
1271 3885 1385 3955 odium
1401 3884 1464 3952 dte.

290 3979 343 4060 (c)
358 3972 571 4083 munti.
591 3978 612 4040 l.
630 3994 659 4040 c.
