3322 4456
728 327 743 414 <
758 321 862 416 roa)
1522 412 1526 419 .

150 449 229 524 istic
246 449 447 537 editorum,
474 468 547 517 non
566 444 634 517 Te.
663 444 761 536 Etsi,
782 466 822 519 ut
838 443 932 540 saepe
950 443 1081 515 accidit
1100 442 1447 519 laudatiliimisPrin·

147 546 311 643 cipibus,
331 542 531 639 Sophistica
548 541 606 615 sua
625 541 872 635 perfecerunt,
891 561 932 611 ut
951 561 1011 611 tua
1028 534 1443 637 suffragatioaccedereta'

146 664 188 717 ut
215 646 365 717 Darium
391 644 533 736 Regem
563 639 753 734 sapientem
775 642 810 712 ὃ(
826 636 983 735 justum,
1011 638 1229 730 impulerunt
1246 659 1362 711 tamen
1382 640 1445 711 Sa·

146 761 281 837 trapae,
308 760 348 810 ut
367 738 545 811 Danielem
565 737 747 808 Leonibus
766 736 953 831 objiceret.
989 734 1186 826 Nunquam
1205 754 1322 805 autem
1342 737 1444 807 inde·

146 860 269 910 corum
299 834 367 907 fuit
393 835 496 905 bonis
523 834 769 926 Principibus,
806 834 985 927 corrigere
1012 831 1177 923 injustam
1199 831 1443 924 asperitatem,

147 941 204 1027 (ut
222 934 370 1017 dicitur)
390 931 517 1001 habere
535 931 653 1021 lavisana
670 930 831 1021 carolidae,
849 931 919 1000 hoc
937 926 1010 1017 est,
1029 927 1195 998 secundas
1214 928 1444 997 deliberatio·

145 1053 218 1103 nes.
262 1024 516 1124 Sapientissrnra
543 1027 668 1096 civitas
696 1032 815 1098 Attica
841 1026 1024 1097 decretum
1055 1022 1207 1112 fecerat,
1233 1022 1443 1117 recuperarit

144 1129 331 1215 Mitylene,
357 1147 437 1218 quae
457 1120 656 1211 defecerat,
682 1142 722 1193 ut
740 1123 879 1193 civibus
897 1121 1063 1192 omnibus
1081 1118 1297 1208 interfefiis,
1323 1119 1444 1189 fundi·

145 1218 203 1295 tirs
222 1222 305 1293 urbs
323 1222 511 1291 deleretur.
540 1217 656 1289 Navis
674 1216 862 1310 misaeli,
882 1241 964 1314 quae
982 1216 1023 1285 nd
1043 1217 1240 1287 exercitum
1258 1218 1444 1287 baecman·

145 1319 227 1390 data
252 1315 443 1389 adferebat.
484 1314 659 1386 Postridie
678 1316 937 1387 iterum'relato
956 1313 1106 1407 negotio
1124 1313 1164 1383 ad
1183 1312 1323 1384 eosdem
1340 1312 1445 1404 Judi·

145 1439 225 1506 ces,
259 1412 303 1486 fit
328 1414 546 1485 contrarium
572 1412 777 1503 decretum,
813 1411 858 1483 ne
886 1434 994 1504 poena
1012 1430 1200 1504 vagaretur
1216 1434 1278 1504 per
1297 1429 1443 1501 omnes,

146 1511 204 1583 sed
234 1530 274 1582 ut
302 1511 405 1603 pauci
423 1531 563 1580 autores
580 1506 785 1580 desertionis
804 1506 1064 1602 plecterentur,
1093 1507 1129 1575 lit
1149 1508 1275 1576 civitas
1293 1508 1444 1578 servare·

53 1600 56 1607 ’
146 1598 216 1680 tui.
258 1604 365 1675 Missa
390 1603 441 1675 est
468 1607 581 1698 igitur
606 1604 714 1675 altera
740 1607 858 1693 naris,
893 1601 1376 1697 quaeproperarejusl'aest,
1401 1620 1446 1675 ut

145 1705 302 1800 priorem
321 1720 576 1774 anteverteret:
607 1698 697 1772 ficut
716 1699 860 1772 accidit.
901 1700 986 1770 Nec
1005 1701 1134 1793 puduit
1154 1700 1336 1770 civitatem
1357 1718 1444 1770 tunc

146 1799 291 1896 quidem
312 1797 383 1869 late
402 1817 629 1892 regnantem,
649 1793 797 1893 publice
815 1797 994 1890 corrigere
1012 1796 1109 1890 prius
1118 1792 1314 1866 decretum.
1341 1794 1445 1887 Mub

147 1916 183 1970 ta
202 1898 306 1995 hujus
325 1896 465 1991 generis
483 1895 648 1988 exempla
665 1913 810 1981 extant,
829 1917 980 1988 quorum
1000 1893 1166 1986 pleraque
1184 1912 1268 1963 nota
1280 1890 1448 1965 clleTibi

145 2017 218 2065 non
254 1991 395 2064 dubito.
446 1993 501 2062 Ac
536 1991 581 2061 de
609 1990 768 2063 Ecclesia
795 1987 977 2083 saepissime
1005 1990 1188 2082 Principes
1213 2008 1465 2079 correxerunt,

145 2088 279 2161 edisio:
312 2108 352 2157 ut
370 2087 688 2177 Nabuchodonosor,
715 2088 849 2156 Darios
860 2118 872 2169 5
901 2089 1033 2177 Affueri
1051 2086 1194 2154 nomine
1211 2085 1348 2156 editum
1369 2085 1448 2159 fuo-

147 2202 202 2255 rat
225 2182 405 2251 decretum
426 2182 469 2249 de
488 2178 743 2250 interficiendis
762 2181 916 2269 Judaeis,
943 2180 978 2248 id
998 2179 1119 2272 postea
1136 2179 1364 2253 rettaslatum
1383 2182 1448 2255 est.

146 2278 204 2351 lta
221 2274 279 2348 sua
295 2272 408 2346 edisio
427 2275 600 2346 Adrianus
620 2274 655 2343 ὅ(
676 2277 840 2345 Antonini
857 2294 1100 2344 correxerunt.
1142 2275 1354 2371 Quanquam
1375 2278 1448 2385 igi·

148 2395 208 2449 tur
225 2389 325 2446 extat
343 2367 498 2442 edilium
519 2372 555 2439 in
573 2372 701 2463 Anglia
718 2366 872 2461 fusium,
891 2368 987 2466 quod
1006 2367 1179 2465 supplicia
1197 2372 1446 2446 rninaturalre·

148 2495 193 2542 na
219 2471 238 2541 a
263 2464 517 2542 consuetudine
543 2488 637 2536 verae
667 2464 860 2557 Ecclesiae,
894 2463 1290 2539 alienaiCanonibus:
1327 2490 1448 2543 tamen

149 2566 350 2640 existimavi
369 2564 484 2635 adbuc
504 2564 609 2633 licere
629 2562 730 2634 nobis
748 2561 929 2657 deprecari
949 2565 1039 2635 banc
1055 2552 1289 2660 asperitatem.
1323 2564 1448 2660 anue

146 2664 184 2735 in
203 2683 239 2733 re
256 2682 328 2731 non
348 2680 485 2731 tantum
507 2660 668 2752 periculo
686 2681 810 2731 eorum
831 2662 892 2753 qui
910 2661 1097 2732 nobiscum
1118 2660 1447 2755 sentiuntmoveor,

146 2758 204 2832 sed
221 2756 327 2831 doleo
344 2776 379 2830 te
398 2755 521 2826 alienae
539 2754 685 2826 saevitiae
703 2774 809 2849 atque
829 2757 1020 2852 impietatis
1038 2757 1236 2829 ministrum
1249 2758 1337 2830 fieri.
1365 2760 1448 2831 Do·

145 2857 204 2929 leo
230 2856 334 2928 etiam
363 2853 489 2944 Christi
513 2850 708 2923 dodlrinam
736 2856 868 2943 arceri,
895 2853 1040 2927 stabiliri
1059 2852 1204 2927 vitiosos
1222 2857 1332 2948 ritus,
1356 2876 1446 2929 con·

143 2952 280 3025 firmari
299 2950 474 3023 libidines.
506 2948 627 3021 Audio
646 2950 742 3021 viros
759 2953 948 3023 excellenti
967 2949 1128 3024 dofbrina
1147 2954 1182 3026 &
1200 2954 1332 3046 pietate
1350 2976 1447 3048 prae·

144 3049 263 3139 ditos,
288 3052 518 3136 Larinatem,
544 3050 750 3138 Santonum,
776 3052 1011 3137 Cranmernm,
1038 3050 1177 3121 &alins
1196 3052 1307 3123 teneri
1326 3052 1361 3120 in
1379 3072 1446 3123 cu·

146 3143 287 3214 stodiis:
323 3145 451 3237 quibus
476 3163 567 3237 opto
590 3144 746 3214 animum
766 3168 807 3216 ac
825 3147 935 3216 robur
952 3148 1101 3240 dignum
1121 3148 1333 3241 Christianis.
1368 3146 1448 3219 Etsi
1565 3170 1570 3179 ·

143 3258 259 3309 autern
288 3238 372 3334 ipsis
390 3239 532 3333 quidem
553 3239 641 3308 nibil
659 3238 783 3309 melius
801 3241 984 3327 accidere,
1018 3262 1080 3312 aut
1097 3242 1288 3334 gloriosus
1305 3240 1447 3333 potest,

142 3332 249 3430 quarn
268 3355 308 3405 ut
327 3336 363 3406 in
382 3355 453 3407 tarn
473 3334 665 3406 manifesta·
684 3336 841 3406 veritatis
860 3332 1074 3408 consellione
1093 3357 1246 3408 mortem
1256 3356 1444 3432 oppetant:

143 3451 262 3503 tamen
279 3432 411 3502 nollem
434 3433 482 3505 R.
502 3432 560 3503 M.
579 3434 630 3502 T.
648 3428 813 3525 sanguine
833 3432 957 3504 talium
974 3432 1132 3504 virorum
1154 3433 1330 3530 respergi,
1366 3434 1449 3505 nol·

142 3527 212 3600 lem
239 3528 318 3599 haec
347 3528 521 3601 Ecclesia:
548 3525 673 3599 vestroe
692 3529 824 3599 lumina
841 3529 1026 3625 extingui,
1060 3528 1191 3601 n'nllem
1213 3529 1448 3627 impietati&
1551 3534 1556 3543 '

142 3625 330 3697 virulentis
356 3650 397 3696 ac
426 3625 629 3699 Pharisaicis
658 3624 748 3696 odiis
775 3627 1001 3699 inimicorum
1030 3626 1157 3721 coristi
1182 3650 1316 3700 morem
1346 3629 1449 3725 geri,

144 3721 278 3792 nollem
298 3722 448 3815 praeberi
469 3724 690 3817 voluptatem
707 3725 936 3821 Antichristo,
954 3725 1014 3819 qui
1034 3724 1165 3819 gaudet
1182 3726 1217 3796 in
1238 3724 1372 3814 linum,
1389 3726 1451 3795 Te

141 3820 215 3913 jam
240 3819 403 3893 adversus
429 3843 494 3893 nos
521 3843 587 3915 pro
607 3818 681 3915 ipso
698 3842 957 3989 arigabgerere:
992 3844 1034 3895 ac
1052 3820 1165 3918 sperat
1184 3822 1450 3918 Episcopomm

839 3938 856 4013 3
1366 3938 1455 4012 09⁶·
