3322 4456
198 465 421 543 Conclusum
440 459 510 537 fuit
528 484 591 558 per
610 459 844 550 Concilium,
872 459 991 531 licere.
1430 507 1434 511 -
1454 537 1459 545 ,

200 565 272 640 VI.
298 570 338 641 Si
363 562 450 661 quod
462 563 523 654 jus
547 563 628 634 talis
655 556 819 653 Pontifex
836 557 928 654 adse
941 558 1106 650 pertinere
1122 561 1316 653 contendat,
1342 577 1380 636 ut
1392 585 1464 659 pn·

150 669 302 739 trimonii
327 664 364 736 S.
384 662 535 754 Eccleſsae
563 660 724 730 Romana
737 672 891 750 partem:
917 656 1033 726 contri
1050 652 1232 747 Princeps,
1256 665 1386 750 imperii
1402 665 1462 736 uel

140 761 237 853 juris
243 759 303 849 sai
319 761 377 851 effe
395 760 507 845 dicat,
535 758 577 836 ὅ
594 756 632 827 de
649 779 688 826 ea
706 758 925 845 controversta
939 766 1082 844 paratus
1090 754 1161 841 stt,
1188 754 1230 832 ὅ
1248 754 1367 845 offerat
1379 759 1459 853 sta.

150 879 188 926 re
212 859 378 943 arbitrio,
411 857 469 927 uel
482 854 611 946 judicio
637 854 791 924 bonorum
815 857 967 923 virorum
983 868 1044 940 per
1061 853 1336 941 compromiffum,
1356 869 1464 946 prout,

150 950 301 1043 dejure:
334 957 392 1024 An
409 976 442 1022 eo
460 949 535 1045 casu
553 953 652 1022 liceat
670 949 832 1041 Pontifici
848 948 967 1041 absque
983 950 1054 1016 alia
1071 943 1175 1038 causa
1192 952 1368 1041 cognitione
1385 954 1454 1023 bel·
1572 1016 1575 1022 .

149 1049 219 1120 lum
240 1048 365 1142 inferre
382 1050 467 1120 diuo
479 1051 646 1141 principi:
681 1046 723 1127 Θ
733 1050 767 1137 st
778 1047 922 1139 fecerit,
948 1066 992 1114 an
1009 1047 1107 1114 liceat
1121 1047 1266 1134 principi
1282 1051 1385 1117 armis
1402 1072 1454 1120 re·

30 1164 33 1170 “
141 1144 278 1239 fistere,
313 1146 356 1225 {ol
381 1148 460 1217 aliis
482 1148 584 1216 etiarn
604 1143 831 1236 principibus,
864 1147 900 1213 in
925 1139 1111 1230 hujusmodi
1137 1141 1262 1230 drffidio
1279 1146 1310 1213 ei
1327 1145 1453 1236 adeffe,

150 1244 283 1338 cumque
307 1240 498 1336 defendere,
525 1243 669 1312 maximi
694 1241 765 1311 illis
788 1243 846 1334 qui
871 1242 903 1309 ee‘
923 1239 1109 1333 cognatione
1124 1240 1183 1309 vel
1197 1235 1362 1327 affinitate
1379 1264 1455 1313 con·

141 1341 255 1434 juncti
269 1339 375 1435 ssent,
408 1338 479 1411 clun
503 1341 605 1409 etiam
618 1358 680 1429 per
696 1351 823 1408 centum
839 1358 940 1408 annos
951 1337 1118 1428 proximos
1137 1335 1283 1429 Ecclefia
1301 1338 1456 1412 Romana

151 1441 188 1509 in
204 1438 274 1531 ejus
282 1437 376 1529 juris
394 1440 591 1525 controverst
603 1434 781 1526 paffeffione
797 1457 859 1504 nnn
869 1431 994 1526 fucrit.
1419 1481 1422 1503 ,

151 1617 152 1621 ¹
199 1530 421 1604 Conclusum
447 1529 498 1601 est
525 1553 588 1625 per
614 1529 847 1620 Concilium,
879 1530 988 1599 licere
1005 1527 1166 1624 Principi
1184 1529 1256 1603 hoc
1275 1531 1354 1606 cusu
1372 1532 1456 1610 refi-

151 1624 242 1701 stere
263 1627 307 1700 de
326 1624 444 1720 facio,
471 1627 602 1702 &aliis
622 1628 654 1698 ei
673 1625 787 1699 adello
805 1628 840 1696 in
855 1625 937 1720 jure
953 1624 1014 1696 suo
1034 1630 1181 1698 tuendo.
1464 1643 1469 1653 ·

148 1745 155 1815 j
197 1725 290 1799 Vll.
316 1728 416 1828 Quid
425 1730 460 1820 st
476 1746 566 1822 papa
583 1728 666 1797 nolit
683 1739 881 1817 acceptare,
899 1726 984 1818 quod
1000 1723 1160 1817 Princeps
1167 1724 1315 1815 juridice
1333 1727 1374 1808 &
1392 1727 1453 1802 ho·

147 1825 232 1918 nesti
257 1822 378 1921 offert,
404 1822 468 1921 sed
483 1826 599 1898 contra
616 1848 678 1895 non
695 1822 867 1918 observate
874 1823 968 1917 juris
985 1820 1095 1894 ordine
1113 1839 1225 1893 contra
1242 1827 1344 1895 talem
1356 1831 1455 1920 prin·

147 1943 249 2016 copem
277 1928 470 2016 pronunciet
494 1923 698 2018 sententiaro
731 1926 910 2016 aliquam,
953 1945 998 1991 au
1024 1922 1056 1989 ei
1081 1916 1364 2012 obtemperandum
1378 1928 1454 2013 stt:
1563 2010 1565 2015 ¹

147 2023 294 2095 maximi
320 2024 392 2093 eden
409 2043 471 2092 non
487 2021 531 2112 est
548 2026 711 2114 integrum
727 2043 767 2089 ac
784 2034 894 2087 tutum
912 2022 976 2088 tnli
987 2020 1131 2110 principi
1147 2013 1309 2111 adsedem
1327 2021 1454 2096 Roma·

148 2138 227 2275 pom
245 2121 325 2278 ἕνα,
357 2122 414 2186 vel
437 2118 589 2203 mittere,
625 2117 666 2194 &⁷
685 2115 747 2204 jus
765 2112 865 2205 secum
891 2116 952 2184 via
968 2112 1062 2204 juris
1078 2116 1191 2186 ciuilis
1208 2115 1251 2196 ὅ
1269 2120 1456 2196 rationibus

173 2230 245 2278 eeu
268 2230 332 2278 ere.
912 2237 914 2241 ·

181 2205 420 2378 fConclusum
447 2299 499 2374 est
525 2327 589 2399 per
614 2298 848 2397 Concilium,
883 2323 956 2374 non
982 2304 1096 2376 teneri
1123 2303 1229 2377 talem
1250 2308 1454 2406 principem

148 2424 271 2498 parere
289 2404 351 2477 tali
369 2401 565 2475 sententiae.
1443 2427 1447 2439 ·

198 2498 310 2572 Vlll.
336 2505 376 2577 tt
392 2499 556 2596 Pontifex
572 2497 710 2594 injusti,
740 2500 850 2573 ordine
859 2501 953 2596 juris
969 2523 1032 2573 non
1041 2499 1203 2597 seruato,
1223 2504 1396 2596 procedens
1413 2507 1455 2578 de

141 2595 237 2692 fatto
265 2597 307 2677 &²
334 2611 434 2669 mauu
461 2615 596 2669 armate
609 2603 800 2690 pronunciet
816 2624 855 2670 ac
865 2601 1010 2690 publicet
1026 2603 1156 2693 aliquas
1172 2600 1321 2694 censuras
1339 2618 1454 2675 contra

138 2700 305 2790 principes
322 2698 391 2790 fibi
416 2694 614 2786 refistentes,
647 2697 817 2790 eanquue
826 2695 978 2790 subditos
997 2695 1040 2775 Β
1058 2696 1314 2791 confoederatas,
1340 2723 1386 2772 an
1403 2705 1452 2774 eis

140 2793 404 2888 parendumfit,
431 2792 473 2871 id
492 2795 578 2886 quod
592 2796 769 2864 remedium
791 2793 1039 2890 adhibendum?
1442 2822 1445 2827 ¹

189 2887 415 2964 Conclusum
442 2886 492 2960 est
519 2890 735 2961 unanimiter
759 2913 823 2983 per
848 2891 1081 2982 Concilium,
1115 2890 1220 2963 talem
1241 2889 1451 2968 sententiam
1554 2957 1559 2966 .

146 2987 280 3061 nullam
299 2986 387 3078 effe,
415 3009 480 3058 nec
499 2987 542 3059 de
557 2989 660 3082 jure,
686 2987 742 3058 vel
762 2988 832 3058 alio
851 3011 1081 3084 quocumque
1101 2988 1210 3060 modo
1229 2979 1353 3087 ligare.

192 3085 321 3158 Visum
348 3084 535 3158 esttamen
554 3085 749 3174 Concilio,
774 3105 855 3157 ante
874 3088 994 3157 omnia
1012 3087 1206 3159 mittendos
1224 3088 1268 3160 ab
1289 3088 1452 3165 Ecclefiu

147 3180 334 3253 Gallicana
361 3183 499 3278 legatos
521 3182 566 3252 ud
596 3183 645 3253 D.
665 3184 796 3277 Papam
816 3183 977 3272 Julium,
1005 3185 1066 3277 qui
1086 3183 1239 3254 fraterna
1254 3185 1450 3278 charitate,

144 3277 183 3348 &
207 3275 398 3349 secundum
429 3278 683 3373 Evangelicam
712 3277 973 3348 corre&ionem
999 3301 1080 3350 eum
1108 3280 1342 3371 admoneant,
1369 3302 1409 3354 ut
1428 3282 1457 3360 it,

144 3374 279 3466 coeptis
305 3373 466 3447 delistere
487 3377 598 3466 velit,
624 3396 821 3471 pacemque
840 3373 877 3446 &
895 3373 1128 3451 concordium
1148 3376 1353 3471 principum
1372 3405 1450 3453 om·

139 3469 266 3567 plecti.
309 3470 421 3562 Quod
451 3473 475 3545 fi
503 3473 595 3545 nolit
623 3474 760 3568 legatos
788 3471 824 3539 in
851 3471 921 3542 hoc
947 3469 1091 3561 audire,
1126 3473 1375 3568 interpelletur
1401 3478 1447 3553 de

146 3571 383 3640 convocando
403 3569 572 3642 Concilio
591 3570 721 3658 libero,
746 3569 853 3665 juxto
869 3565 966 3639 sacro
984 3566 1088 3641 sancii
1109 3570 1305 3646 Bnfilienfis
1324 3575 1449 3649 decre·

145 3684 192 3778 tn.
228 3667 278 3777 Et
297 3665 367 3738 hoc
388 3664 502 3759 facio,
528 3664 766 3764 responsoque
782 3667 859 3762 ejus
876 3686 1051 3764 accepto,
1072 3671 1322 3764 providebitur
1339 3694 1452 3771 prou-t
1562 3706 1565 3712 ¹

143 3785 200 3859 Jus
219 3782 299 3833 erit.

192 3861 252 3936 De
279 3857 371 3934 ceste
398 3858 584 3934 ailemblee
611 3863 658 3955 ou
687 3861 842 4033 Conpile
870 3882 955 3938 tenu
973 3861 1052 3939 sous
1070 3865 1103 3940 le
1119 3863 1194 3942 bon
1213 3869 1302 3966 Roy
1322 3865 1465 3962 Louys·

639 3992 644 4005 ·
820 3981 837 4057 3
1357 3964 1451 4039 dou·
