3322 4456
731 305 862 399 (ιον.)

146 440 277 535 finem,
301 457 343 512 at
361 433 687 535 quomodocunque
706 426 726 500 ἐ
743 451 780 502 re
798 428 875 502 fore
891 426 1003 502 visum
1022 425 1152 521 fuerit,
1177 430 1299 506 eadem
1318 434 1438 505 utere&

145 561 249 631 mur,
284 536 321 610 ὃς
348 557 434 630 opes
461 529 616 628 ipsorum
645 526 837 599 utilitatem
865 544 970 620 atque
989 522 1189 598 libertatem
1210 542 1438 623 promovere·

144 657 246 722 mus,
280 629 401 702 eadem
430 628 587 718 ratione,
622 623 693 718 qui
712 621 883 725 apxilium
903 619 946 691 ab
966 620 1089 692 iisdem
1111 619 1214 693 fimili
1234 625 1269 694 in
1287 623 1365 696 casu
1382 644 1437 696 re·

145 729 346 826 quirimus‚
385 728 423 799 bc
450 719 749 821 quemadmodum
777 715 978 789 libertatem
1006 714 1162 810 ipsorum
1189 717 1292 813 aequb
1318 740 1360 794 ut
1384 739 1438 793 rea

144 823 280 897 nostras
299 822 401 893 nobis
419 817 705 893 commendatam
724 811 905 886 habemus.
1429 854 1435 870 .

149 988 152 993 .
193 915 476 1011 Respoolionem
502 938 583 1011 quae
609 911 691 982 inde
716 908 820 981 nobis
845 910 999 1001 seretur,
1025 907 1119 985 idem
1139 906 1159 980 ai
1178 907 1356 981 Ministris
1372 930 1436 982 ex·

14 1001 20 1013 ⁹
145 1014 325 1112 pribabit,
359 1035 511 1106 quaeque
536 1011 580 1081 in
596 1008 665 1079 rhac
690 1005 790 1080 causa
814 1005 999 1097 accident,
1024 1028 1129 1100 quam
1150 1007 1283 1100 poterit
1303 1004 1437 1077 studio·

148 1108 271 1183 fiffime
288 1109 332 1183 ad
350 1133 413 1182 nos
428 1104 567 1182 curabit
578 1099 737 1199 perferri.
763 1102 900 1175 Datum
909 1101 1128 1175 Rhemisdie
1139 1124 1225 1175 v111.
1236 1100 1438 1196 septembr.

150 1228 194 1302 ¹5
196 1227 256 1304 43·
605 1295 612 1309 ,
687 1252 692 1259 ·
1153 1293 1160 1307 ,
1231 1290 1243 1314 „

517 1298 635 1393 Copta
652 1294 733 1369 ltaec
751 1293 880 1369 collata
897 1317 980 1366 cum
1000 1292 1209 1366 autenthrco
1227 1317 1248 1365 a
1265 1315 1324 1365 me

831 1390 874 1464 F.
892 1390 1138 1464 Marchantio.

668 1639 787 1715 Num.
812 1639 913 1714 XX.

314 1803 534 1910 Richardr'
571 1811 760 1906 FOXI
800 1812 883 1944 Ep.
924 1799 1266 1908 Wintonienfis
1382 1894 1385 1898 Α

403 1942 608 2083 Epistola
632 1942 691 2042 ad
714 1944 765 2042 T
767 1939 902 2044 horn.
929 1941 1180 2078 Volsejum

439 2126 483 2199 de
502 2129 541 2199 N
547 2123 724 2199 eceffitate
740 2125 1024 2214 Reformationis
1043 2127 1143 2201 Cleri

608 2220 800 2317 Anglicani
819 2223 864 2292 A.
879 2243 983 2314 1527.

245 2411 342 2489 Uam
368 2434 439 2485 una
465 2408 539 2484 fere
565 2410 726 2487 omnium
756 2411 983 2504 Nationum,
1012 2434 1094 2508 quae
1114 2409 1356 2487 Christianum
1374 2437 1440 2489 no·

264 2535 346 2592 men
365 2507 626 2607 profitebantur
643 2508 741 2581 circa
783 2511 871 2582 rinci
902 2509 974 2582 ium
994 2508 1115 2582 Seculi
1128 2511 1240 2584 XVI.
1259 2510 1440 2605 voxelset,
1500 2574 1504 2582 ,

147 2606 150 2611 ’
266 2605 541 2680 Reformatione
567 2605 727 2700 indigere
755 2532 974 2698 beoniam,
1008 2606 1045 2676 in
1071 2609 1190 2700 capite
1216 2629 1319 2705 reque
1343 2631 1385 2681 ac
1403 2609 1440 2682 in

141 2700 335 2794 membris,
369 2703 406 2774 in
434 2701 623 2798 Episcopis
649 2701 686 2774 &
713 2700 823 2773 Clero
850 2724 951 2795 aeque
968 2721 1009 2774 ac
1028 2701 1064 2773 in
1083 2702 1203 2776 Laicis
1222 2727 1262 2775 ac
1280 2703 1440 2799 populo,

141 2797 342 2872 luculenter
358 2796 673 2893 comprobavimus
691 2796 726 2868 in
744 2797 987 2872 Introduction.
1003 2799 1050 2871 ad
1064 2800 1192 2893 Hislor.
1216 2801 1339 2897 Eccles.
1359 2800 1440 2887 Sec.

140 2890 254 2968 XVI.
280 2906 312 2982 §.
329 2893 423 2967 XX.
449 2913 531 2991 pag.
552 2891 609 2990 38.
634 2891 718 2987 seq.
736 2893 863 2995 Prouti
890 2893 976 2968 vero
1006 2895 1042 2967 in
1070 2894 1289 2991 superiorum
1319 2896 1440 2971 Volu-

140 2992 278 3065 minum
308 2991 550 3065 Documentis
576 2990 755 3088 permulta
781 2994 857 3086 ejus
883 2993 931 3063 rei
959 3011 1082 3064 extant
1106 2992 1367 3084 Monumenta‚
1393 2994 1445 3069 ita

140 3111 215 3163 non
241 3090 425 3184 potuimus
451 3111 523 3160 non
541 3087 632 3160 hanc
649 3087 819 3161 Richardr‘
836 3080 965 3161 FOXl
986 3087 1158 3186 Episcopi
1177 3084 1442 3164 Wintonienlis

140 3179 341 3276 Epistolam
359 3207 505 3281 quoque
523 3183 615 3255 inter
631 3181 752 3255 eadem
771 3183 970 3273 recensere,
989 3207 1093 3281 quam
1105 3186 1443 3258 nobisconservavit

141 3273 296 3349 Doctiss.
324 3280 393 3353 Vir
415 3280 502 3371 Joh.
520 3277 772 3352 STRYPE
798 3281 835 3351 in
864 3279 1097 3350 Memorabil.
1116 3280 1255 3353 Eccles.
1271 3279 1440 3354 Reform.
1480 3289 1482 3293 ’

141 3370 288 3467 Anglic.
308 3375 517 3448 inDocum.
530 3375 644 3446 Torn.
656 3373 686 3447 l.
706 3371 770 3443 fol.
786 3396 840 3458 ¹9·
866 3371 962 3447 conf.
976 3377 1270 3474 ConciliaMagnae
1280 3378 1442 3453 Britann.

139 3469 253 3542 Tom.
266 3467 342 3542 lll.
360 3467 618 3568 fol.708.709.
636 3468 699 3544 ubi
717 3466 839 3544 eadem
858 3470 939 3544 hate
958 3469 1122 3565 Epistola
1140 3473 1323 3547 adannum
1339 3496 1442 3573 1527.

140 3561 304 3639 refertur.

757 3683 780 3730 rt
806 3684 828 3731 a

742 3894 826 3992 03
