3322 4456
778 269 809 357 .(
821 268 902 355 ro.)

198 391 379 481 enemim
404 416 490 468 cum
517 391 676 490 plemrio
701 391 880 489 potestate
896 394 1113 491 providendi
1130 397 1168 471 in
1185 403 1357 479 omnibus
1372 409 1510 489 eabbnt

200 494 503 572 concernentibus
527 489 645 564 sorum
667 494 865 585 penitentie
882 495 921 566 bt
938 492 1086 568 salntem
1103 499 1325 596 animarum,
1350 507 1388 576 in
1407 511 1513 606 casn,

201 616 277 691 quo
303 589 329 664 s.
346 591 384 662 d.
403 614 439 661 n.
468 587 641 661 recusaret
670 590 707 659 in
726 590 925 663 concilium
942 596 1108 691 generale
1125 597 1185 668 tel
1203 600 1311 673 nimir
1325 600 1514 703 differret,

201 710 266 765 aut
292 688 415 762 locum
442 708 562 758 tutum
590 709 663 756 non
685 684 844 759 affinaret
862 689 920 760 rel
937 691 1113 765 recusaret
1130 698 1430 790 penitencierium
1448 709 1512 780 de·

202 807 330 886 putere
355 807 439 858 cum
467 783 724 877 protestatione
748 784 911 879 expressa
934 791 1141 864 nominibus
1166 794 1439 874 christianiffimi
1458 829 1514 877 re·

203 886 261 986 gir
285 886 323 958 &
350 881 501 956 ecclesie
526 880 702 991 gallicane
728 901 860 991 contra
883 884 1063 977 prefatum
1090 889 1128 962 d.
1149 914 1187 962 n.
1213 916 1341 991 papam
1370 900 1407 974 &
1435 899 1516 975 sum

206 980 401 1058 cardintlet
420 979 603 1051 adomnia
618 1000 709 1073 Jurtr
728 979 897 1052 remedia.

751 1297 873 1374 Nun.
900 1301 962 1376 ιι.
1079 1241 1083 1247 ’

241 1489 595 1588 Determinatio
639 1483 895 1587 Facultatis
934 1485 1189 1634 Theolog.
1230 1497 1434 1634 Parifien
1450 1546 1487 1602 rr

208 1631 353 1765 Super
380 1623 596 1723 doetrina
608 1619 871 1726 Lutherana
883 1623 1110 1730 hellenus
1125 1669 1211 1768 per
1230 1673 1337 1736 eam
1356 1640 1516 1741 revisa.

208 1840 256 1896 ex
275 1818 352 1894 Do.
365 1795 644 1892 d’Aucenrttt‘t
664 1815 894 1894 Colleffione
905 1816 1136 1914 Judiciorum
1154 1823 1200 1898 de
1216 1829 1321 1902 novit
1338 1829 1521 1905 erroribus

582 1945 698 2018 Tom.
716 1944 769 2018 11.
793 1941 860 2018 sol.
879 1967 924 2018 ιι.
949 1966 1012 2018 ιιι.
1037 1946 1077 2024 δι
1095 1970 1148 2022 tr.

309 2151 452 2229 Ecanur
479 2154 517 2232 δι
543 2154 710 2230 Facultar
731 2153 957 2254 Theologiae
973 2151 1164 2233 Generalis
1181 2157 1330 2236 Sebolae
1347 2160 1523 2236 Parilien·

327 2252 369 2329 fir
395 2257 563 2329 omnibus
589 2254 726 2329 Christi
750 2254 919 2328 fidelibur
940 2278 1027 2329 cum
1048 2254 1187 2333 fincero
1206 2259 1411 2334 Catholicae
1431 2261 1523 2331 veri·

209 2354 297 2428 totis
322 2377 443 2430 amore
468 2355 629 2428 salutent.
674 2352 805 2425 Paulus
823 2349 886 2422 ille
903 2351 1185 2447 recrastinari,
1211 2355 1528 2451 Evangelicusque

209 2449 384 2548 tubicen,
419 2455 456 2528 ἃ
477 2455 653 2528 Gentium
675 2445 841 2537 Dona,
866 2449 1109 2525 Timotheum
1127 2450 1336 2544 instituens,
1361 2471 1405 2526 ut
1422 2475 1525 2527 curet

208 2547 255 2629 sei
285 2550 360 2627 sunt
388 2555 592 2648 operarium
620 2541 912 2621 inconfusibilem
942 2549 981 2625 bt
1007 2546 1205 2642 probatum
1227 2549 1398 2623 exhibere
1416 2554 1524 2644 Deo,

288 2673 379 2744 eque
398 2650 607 2722 tractantem
626 2646 777 2719 verbum
796 2647 978 2734 veritatis,
996 2644 1146 2742 profane
1163 2648 1521 2720 bortatur&vanilo·

238 2745 297 2817 uia
324 2746 506 2834 devitare,
537 2742 707 2837 quoniam
728 2743 808 2812 baec
827 2740 983 2813 multum
1003 2745 1205 2832 proficiunt
1222 2742 1265 2808 ad
1283 2741 1522 2827 impietatem.

257 2862 315 2913 am
347 2839 370 2911 si
399 2838 506 2910 semel
523 2858 603 2909 rece
631 2853 669 2903 ta
685 2834 843 2920 suerint,
867 2855 956 2903 mox
974 2831 1093 2921 serpet
1111 2852 1287 2899 venenum
1307 2828 1345 2902 &
1362 2828 1519 2906 obsoles-

210 2951 271 3009 cet
299 2931 505 3007 Catholicae
531 2858 707 2999 docfrinae
735 2928 853 3019 vigor.
895 2921 1083 3014 Siquidem
1110 2923 1364 2999 hereticorum
1384 2926 1521 3026 sermo,

211 3026 239 3105 fi
266 3028 401 3101 animor
428 3020 620 3121 aliquando
641 3015 857 3116 fintplicium
875 3018 1088 3116 occuparit,
1113 3018 1249 3121 semper
1264 3026 1369 3099 latius
1386 3025 1522 3101 diffun-

211 3125 341 3220 detur,
375 3145 507 3221 corque
535 3117 720 3195 fallacibus
746 3141 908 3193 errorum
935 3118 1135 3195 involucris
1161 3124 1257 3219 quast
1286 3128 1401 3197 tenaci
1421 3128 1524 3201 visco

210 3225 402 3303 involvent
420 3219 543 3298 sensim
563 3244 585 3295 a
602 3219 754 3295 veritate
771 3218 814 3292 ad
832 3217 1054 3313 impietatem
1072 3222 1219 3294 nimiam
1238 3223 1465 3316 deturbabit,
1484 3228 1523 3301 δι

211 3323 363 3425 perinde
389 3347 429 3399 ac
461 3344 590 3400 cancer
615 3318 762 3395 morbus
786 3317 924 3414 serpett
950 3321 1013 3416 qui
1033 3319 1094 3391 ubi
1114 3344 1246 3418 corpur
1265 3324 1420 3395 viventis
1438 3327 1522 3396 atti·

214 3424 334 3522 gerit,
368 3446 442 3497 non
469 3420 598 3496 delinit
626 3419 798 3518 paulatim
818 3420 953 3491 vicinas
969 3441 1149 3513 occupate
1168 3439 1307 3517 partes,
1332 3421 1449 3492 donec
1468 3423 1522 3492 in·

214 3519 340 3597 tulerit
365 3519 532 3594 exitium.
575 3517 748 3613 Pleraque
774 3517 926 3613 hujtnee
952 3517 1001 3589 rei
1028 3519 1193 3612 exempla
1211 3517 1387 3591 recensere
1406 3520 1522 3611 persa·

213 3617 285 3695 cile
310 3616 374 3691 cst.
420 3617 519 3691 Nam
546 3640 629 3690 cum
656 3615 774 3689 adhuc
802 3616 839 3688 in
864 3613 1099 3688 adolescentia
1122 3616 1182 3687 sua
1211 3615 1371 3689 Ecclefia
1387 3616 1524 3690 Christi

213 3713 338 3814 sponsa
362 3714 490 3790 florere
511 3714 700 3813 coepisset,
726 3712 907 3793 surrexere
925 3714 992 3785 viri
1011 3713 1199 3787 mendaces
1217 3716 1256 3788 δε
1277 3717 1400 3811 impii,
1427 3717 1488 3810 qui
1506 3741 1525 3788 a

213 3833 365 3897 terrente
395 3812 601 3894 excidentes
628 3812 739 3895 sidem
764 3811 860 3887 illius
885 3811 1090 3890 sabvertere
1117 3814 1361 3907 molirentur,
1406 3814 1525 3978 qufales

1463 3931 1524 3980 ue.
