3322 4456
173 315 341 410 ΛΑΜ.
502 263 1191 381 ’ΚΕΝΟνᾹΤΓ
1405 321 1475 403 3²7

172 487 200 534 ‚,
226 436 284 511 Ut
310 429 516 508 memoriam
544 428 671 505 mortis
699 426 834 498 Christi
864 448 961 498 nunc
980 423 1197 519 postremum
1218 427 1254 499 in
1273 428 1343 500 hoc
1361 427 1474 501 sacra·

171 551 347 631 „mento
382 530 499 602 secum
532 525 764 616 usurparent:
811 522 874 595 fibi
897 543 1019 592 autem
1047 524 1254 595 amariorem
1284 529 1475 619 potionem

168 681 200 726 „
225 628 437 723 temperari,
471 621 519 694 ob
546 623 678 692 nullam
705 618 805 689 aliam
834 618 1007 708 caulsam,
1042 617 1104 688 nist
1135 619 1319 716 Evangelii
1340 626 1472 716 praedi-

171 779 200 822 „
226 730 420 799 cationem.
464 717 547 791 Post
575 720 653 789 baec
680 717 872 810 gratiarum
900 713 1037 787 astione
1065 715 1224 807 perusta,
1259 719 1290 789 l'e
1311 723 1346 791 in
1365 722 1469 793 cubi·

174 876 201 916 „
228 824 349 893 culum
370 818 468 889 suum
489 816 646 911 recepit,
673 835 714 882 ac
731 813 884 884 orationi
905 811 1011 882 finem
1031 813 1196 882 reddidit.
1216 865 1243 902 „
1497 875 1500 879 .

223 917 309 988 Nec
328 917 444 988 multo
464 912 565 1008 poll,
590 914 662 982 duo
681 932 700 978 e
717 908 924 981 carnificum
943 930 1093 979 nnmero
1109 911 1150 979 all
1166 933 1246 979 eum
1263 910 1472 984 aCardinali

176 1011 286 1086 miffi:
323 1035 476 1106 quorum
504 1012 591 1082 alter
609 1007 753 1095 tunica,
778 1031 798 1077 e
817 1008 928 1078 linteo
948 1029 1085 1100 panna,
1112 1009 1214 1100 nigra
1231 1031 1311 1076 eum
1332 1011 1470 1078 induit:

173 1110 262 1181 alter
289 1110 421 1181 multos
448 1104 603 1200 pulveris
629 1100 772 1174 sulfurei
798 1101 1017 1175 sacculosad
1035 1126 1157 1173 omnes
1177 1105 1338 1199 corporis
1357 1125 1472 1197 partes

175 1207 376 1296 adnexuit,
409 1225 515 1298 atque
541 1203 612 1274 hoc
639 1217 766 1270 ornatu
793 1199 985 1289 amissum,
1019 1199 1055 1269 in
1082 1200 1289 1271 cubiculum
1317 1202 1474 1272 exterius

176 1300 335 1397 praesebli
355 1300 547 1389 eductum,
575 1297 624 1369 ibi
643 1299 860 1370 commorari
874 1298 1017 1394 jubent.
1053 1297 1214 1389 lnterea,
1238 1296 1364 1369 eodem
1385 1320 1474 1393 pene

175 1420 383 1491 momento,
409 1400 445 1468 in
464 1421 542 1469 area
558 1414 638 1466 ante
656 1417 772 1467 arcem
790 1392 994 1491 suggestum
1016 1393 1174 1487 ligneum
1193 1395 1365 1490 erigitur,
1385 1417 1473 1490 pyra

174 1498 377 1586 extruitur,
411 1520 455 1566 ex
482 1491 625 1565 adverso
654 1489 802 1563 fenestra
820 1493 856 1564 ὃ(
875 1491 1147 1588 propugnacula
1164 1495 1251 1564 arcis
1271 1493 1475 1589 tapetibus,

174 1591 336 1691 stragulis
363 1591 502 1682 sericis,
536 1591 573 1662 ὃ(
593 1587 747 1683 pulvinis
763 1589 1000 1676 ornabantur,
1022 1589 1125 1659 tunde
1144 1588 1363 1678 Cardianus,
1390 1612 1475 1662 cum

172 1687 235 1762 suo
252 1711 386 1789 grege,
405 1689 527 1761 laetum
548 1683 786 1782 speuaculum
805 1708 824 1756 e
844 1685 1031 1758 tormentis
1049 1683 1201 1755 hominis
1219 1688 1355 1757 innoxii
1371 1710 1476 1782 cape·
1552 1762 1555 1768 ,

170 1807 273 1879 rent,
304 1793 365 1879 δε,
390 1787 489 1859 velut
509 1805 580 1856 tam
600 1784 762 1876 praeclari
782 1781 948 1855 facinoris
965 1780 1149 1873 auslores,
1175 1784 1326 1879 gratiam
1349 1785 1477 1880 populi

173 1906 372 1979 captarent.
399 1883 537 1980 Magna
555 1902 726 1974 praeterea
745 1879 943 1975 frequentia
961 1900 1199 1969 armatorum,
1226 1881 1388 1954 adversus
1404 1884 1478 1955 vim

174 2001 379 2072 externam,
405 2001 466 2053 aut
486 1981 602 2051 verius
620 1979 663 2050 ad
683 1976 956 2051 ostentationem
976 1978 1175 2072 potentiae,
1193 1978 1373 2051 adbibita:
1401 2003 1477 2054 ma·

169 2077 292 2149 chinae
322 2099 454 2165 aeneae,
490 2099 553 2170 per
579 2095 692 2148 totam
711 2097 852 2164 arcem,
880 2076 968 2145 locis
987 2074 1123 2145 idoneis
1140 2073 1335 2167 disposita.
1379 2077 1479 2152 Inter

174 2171 278 2258 haee,
313 2172 409 2240 tubis
436 2169 709 2261 elangentibus,
745 2169 927 2261 Georgius
955 2167 1149 2260 produslus
1165 2168 1369 2266 suggestum
1390 2197 1478 2247 con·

176 2260 335 2354 scendit,
371 2264 407 2335 ὅ(
435 2263 478 2333 ad
506 2263 625 2357 palum
655 2261 801 2332 sunibus
819 2264 1005 2356 alligatur:
1037 2288 1101 2352 ac,
1127 2267 1188 2334 vix
1206 2270 1396 2363 impetrata
1414 2293 1481 2364 pro

175 2358 341 2435 Ecclesia
363 2358 486 2431 orandi
505 2359 628 2446 venia,
655 2355 839 2430 carnifices
858 2362 977 2457 ignem
996 2357 1248 2454 subjecerunt,
1274 2368 1335 2456 qui
1354 2367 1480 2459 pulve-

174 2480 251 2530 rem
277 2457 435 2553 undique
461 2457 646 2552 alligatum
673 2450 861 2527 confestim
890 2458 925 2528 in
945 2455 1123 2528 flammam
1143 2481 1183 2527 ac
1202 2456 1342 2529 sumum
1362 2460 1480 2533 solvit.

173 2552 370 2645 Praefestus
397 2556 508 2647 arcis,
541 2554 604 2648 qui
631 2571 700 2625 tam
722 2574 837 2647 prope
854 2552 1009 2644 astabat,
1034 2573 1075 2625 ut
1094 2551 1248 2626 flammae
1267 2554 1387 2628 afflatu
1405 2580 1480 2629 am·

175 2649 386 2740 bureretur,
421 2652 577 2724 breviter
603 2671 683 2723 eum
713 2649 762 2721 ell
784 2652 963 2723 hortatus:
997 2704 1025 2743 „
1044 2650 1098 2724 Ut
1118 2645 1215 2723 bono
1233 2655 1353 2724 animo
1370 2652 1480 2748 esset,

174 2801 202 2844 „
228 2772 270 2821 uc
288 2747 502 2823 delislorum
522 2748 658 2821 veniam
678 2772 696 2818 a
718 2749 798 2819 Deo
819 2769 1013 2843 peteret„
1049 2749 1120 2822 Cui
1140 2750 1221 2841 ille,
1247 2803 1274 2841 „
1288 2753 1382 2824 Haec
1400 2755 1481 2851 qui*

174 2847 310 2942 „dem
330 2845 474 2926 flamma
492 2848 661 2940 corpori,
687 2847 827 2941 inquit,
846 2847 968 2919 attulit
987 2845 1208 2939 molestiam,
1226 2852 1382 2922 animum
1394 2871 1484 2924 vero

176 2996 204 3039 „
229 2967 303 3015 non
330 2941 451 3040 fregit.
498 2945 570 3033 ut,
606 2944 666 3037 qui
694 2968 757 3013 rios
775 2967 818 3014 ex
838 2948 988 3016 editiore
1008 2946 1092 3015 loco
1111 2964 1181 3015 tam
1202 2946 1350 3042 superbe
1367 2948 1484 3045 despi-

177 3093 204 3136 „
231 3041 305 3131 cit,
339 3043 431 3113 intra
459 3064 590 3133 paucos
618 3042 691 3111 dies
715 3064 786 3112 non
805 3046 920 3116 minus
940 3045 1176 3138 ignominiose
1191 3045 1350 3140 jacebit,
1375 3066 1482 3141 quam

178 3187 206 3231 „
231 3160 327 3207 nunc
355 3160 561 3231 arroganter
588 3138 756 3227 cubae„
806 3141 901 3214 Haec
931 3139 1081 3231 locuto,
1119 3139 1213 3212 funis
1241 3145 1336 3214 circa
1364 3141 1484 3217 lauces

178 3231 306 3306 uastius
333 3234 493 3307 allrislus
521 3258 646 3307 vocem
668 3232 822 3307 inclusit.
867 3236 951 3308 Post
969 3237 1107 3329 aliquot
1126 3239 1249 3329 boras,
1276 3261 1429 3329 corpore
1447 3242 1484 3311 in

179 3332 314 3405 cineres
343 3333 434 3428 ignis
463 3333 634 3405 violentia
659 3331 799 3419 soluto,
827 3333 1022 3429 Episcopi,
1047 3333 1163 3406 adhuc
1182 3340 1232 3405 ira
1251 3338 1407 3432 odioque
1426 3334 1483 3409 fu·

176 3451 317 3518 rentes,
342 3428 550 3525 gravrffimis
570 3433 687 3525 poenis
707 3426 922 3524 propositis,
948 3451 1160 3522 vetuerunt,
1179 3458 1222 3505 ne
1241 3437 1319 3529 quis
1338 3435 1484 3529 prode·

178 3525 303 3598 saneto
332 3550 459 3600 (irruet.
506 3529 560 3600 Ex
588 3553 655 3617 eo,
691 3525 888 3599 Cardinalis
914 3549 933 3599 a
959 3530 1021 3599 luo
1040 3551 1150 3626 grege
1170 3555 1319 3629 magnus
1339 3534 1486 3628 haberi,

179 3645 220 3694 ac
238 3623 368 3695 divinis
389 3625 424 3694 in
443 3626 579 3699 coelum
600 3626 761 3698 laudibus
781 3623 888 3711 serri;
931 3674 958 3716 „
981 3625 1033 3698 Ur
1054 3649 1136 3719 qur,
1163 3629 1392 3724 torpentibus
1411 3653 1485 3704 cae-
1570 3648 1573 3652 ’

179 3772 208 3812 „
235 3723 340 3808 teris,
374 3743 486 3813 unus,
517 3723 730 3800 austeritate
757 3723 922 3818 Proregis
948 3746 1154 3808 contemtu,
1189 3748 1328 3800 tuntum
1347 3727 1488 3815 sacimas

180 3869 207 3911 ,‚
235 3812 455 3912 perl'eciffet:
491 3821 577 3915 qui,
613 3821 958 3920 populari-superbia
976 3821 1196 3921 compressa,
1222 3826 1490 3900 totiusordinls

1355 3974 1383 4017 ra
1410 3922 1484 3994 Ec·
