3322 4456
733 280 749 370 t
762 275 865 363 ηρ.)

152 409 270 509 prium
289 407 524 506 deputamusr
552 402 674 477 Deum
693 404 875 499 optimum
894 399 1090 476 maximum
1107 401 1319 479 servatorem
1333 401 1450 502 justos

150 532 231 580 rum
260 532 296 595 re
325 529 382 577 um
411 500 634 599 supplicibus
659 501 754 572 votis
779 500 1031 594 deprecantes,
1064 518 1106 570 ut
1133 518 1272 573 tantum
1298 501 1449 578 &fidei

147 601 219 675 suae
239 529 364 674 sangae
382 620 452 672 tam
471 596 673 671 beneficum
692 597 836 692 Regem
854 619 937 667 cum
956 593 1123 667 diuturna
1139 594 1249 669 salute
1262 597 1304 687 Ιὃς
1319 599 1394 673 vita
1410 597 1450 674 in

150 698 259 793 ipsius
285 696 442 770 consiliis
468 696 505 769 &
532 694 632 767 fastis
658 693 825 765 omnibus
849 690 1062 781 secundans,
1089 690 1131 763 ad
1158 711 1359 768 extremum
1377 696 1448 768 im·

149 796 293 867 mortali
321 794 388 867 tibi
414 791 529 887 gloria
556 811 676 888 parata
703 790 893 885 largiatur,
920 809 961 860 ut
985 811 1068 868 cum
1087 787 1226 861 caeteris
1244 791 1315 863 tuis
1332 791 1448 867 titulis

149 890 400 984 praestantibus
427 891 463 960 δε
490 890 650 984 magnis,
685 888 735 979 pii
755 883 920 976 ritimis,
946 883 1082 980 semper
1100 881 1234 977 felicis,
1262 886 1333 956 hoc
1349 899 1448 983 prae'·

147 988 297 1080 cipuum
323 987 361 1062 &
388 985 581 1058 maximum
610 985 749 1073 „Fidei
771 982 987 1079 dq‘ensrris„
1012 982 1121 1053 decus
1146 1004 1338 1053 aenomen
1356 983 1449 1057 tein
1517 1064 1520 1069 ,

63 1123 67 1128 -
146 1083 288 1154 coelum
306 1104 418 1179 usque
434 1081 470 1154 &
486 1083 526 1151 od
547 1103 735 1176 perennem
750 1080 846 1152 illam
861 1077 1117 1152 beatitudinem
1127 1079 1334 1151 comiteturt
1357 1079 1448 1154 Dat.

145 1179 281 1251 Romae
299 1177 393 1274 apud
411 1176 566 1250 sanetum
585 1180 745 1249 Petrum.
767 1200 861 1249 anno
880 1176 1137 1249 Incarnatioois
1154 1175 1345 1248 dominicae
1362 1174 1448 1248 mil·

147 1273 273 1345 iefimo
291 1273 577 1371 quingentesimo
596 1273 765 1346 vicefimo
782 1275 915 1366 tertio,
940 1275 1048 1347 tertio
1066 1295 1153 1348 non.
1183 1273 1335 1368 Martii,
1353 1283 1465 1371 pong'

145 1369 305 1446 tificatus
323 1373 433 1446 nostri
452 1394 544 1444 anno
564 1372 694 1466 primo.

536 1702 539 1711 ,
647 1614 766 1690 Num.
790 1563 941 1690 xicv,

509 1776 719 1882 Thomae
753 1784 1083 1880 BILNEYI

648 1915 855 2056 Epistola
879 1917 938 2019 ad

523 2067 773 2167 Cutbertum
805 2066 1066 2198 Tonstallum

559 2236 605 2284 ex
624 2235 765 2299 carcere
779 2212 909 2306 scripto
927 2213 1031 2309 1528.
1131 2290 1135 2299 ,

142 2384 396 2581 'Tuomam
423 2402 722 2478 cremorem
748 2401 912 2502 rpeeatae
935 2406 1079 2479 virtutis
1103 2429 1145 2480 ac
1166 2405 1308 2506 pietatis
1325 2405 1442 2486 virum

241 2507 278 2577 in
296 2505 372 2601 ipso
382 2504 505 2600 Opere
522 2502 652 2589 §.LX.
670 2525 707 2600 p.
723 2522 802 2670 top).
824 2523 903 2596 194.
919 2501 1185 2601 descripsimus,
1204 2525 1330 2604 atque,
1349 2531 1442 2605 quo·

144 2599 278 2694 modo,
312 2625 394 2675 cum
413 2601 569 2696 primum
588 2602 701 2672 carnis
719 2598 768 2670 im
796 2600 968 2673 eciliitate
986 2600 1028 2673 ad
1049 2600 1307 2676 retraetandum
1326 2602 1444 2678 suisset

141 2693 332 2790 induetur,
365 2697 535 2794 deinceps
552 2716 654 2770 tanto
672 2697 800 2792 majori
817 2720 902 2769 cum
920 2697 1095 2794 parrhesia
1112 2700 1300 2774 veritatem
1319 2701 1360 2785 ὃς
1375 2702 1445 2776 im·

142 2792 272 2889 pavide
299 2795 337 2868 &
363 2791 565 2867 constanter
586 2795 630 2866 ad
647 2813 849 2886 extremum
868 2816 1001 2892 usque,
1027 2797 1087 2869 cui
1104 2795 1356 2893 addicebotur,
1382 2823 1445 2885 ro·-⁸

141 2912 233 2987 gum
253 2889 364 2965 suerit
381 2889 576 2988 professus,
602 2889 849 3061 exsposuimus:
1227 2982 1230 2987 Ι
1399 2955 1437 2993 .·:

190 2987 280 3085 EJus
305 2991 419 3087 igitur
447 3011 530 3062 cum
559 2988 632 3086 Epi
666 2989 737 3061 olas
765 2986 931 3088 quosdam
950 3012 994 3062 ex
1011 3013 1152 3067 carcere
1168 2995 1281 3091 priori
1297 2992 1446 3092 scriptae

140 3083 244 3157 nobis
272 3087 533 3161 conservaverit
556 3085 738 3160 FOXUS
763 3088 800 3161 io
830 3083 913 3160 Aet.
941 3087 978 3162 ὃ(
995 3089 1167 3164 Monum.
1187 3091 1283 3165 Hist.
1304 3091 1444 3178 Eccles.

60 3190 64 3195 '
143 3180 302 3273 Anglice
326 3184 431 3256 editis
449 3182 537 3256 Vol.
555 3184 606 3255 ΙΙ.
632 3181 794 3277 fol.217.
820 3182 971 3281 &seqq
1005 3209 1160 3281 cumque
1186 3190 1280 3261 inter
1300 3213 1356 3262 eas
1375 3214 1443 3267 una

140 3270 279 3346 Latino
304 3277 475 3352 idiomate
500 3277 631 3375 scripta
654 3278 704 3350 ibi
730 3278 763 3349 le
791 3297 891 3367 atur,
925 3302 1023 3373 eom,
1057 3284 1191 3377 quippe
1217 3307 1298 3378 quae
1325 3284 1442 3362 totrtm

142 3370 385 3447 converfionis
409 3377 487 3473 ejus
512 3373 694 3448 historiam
712 3301 816 3446 noffis
834 3372 1004 3469 exhibet,
1030 3377 1068 3451 in
1085 3379 1138 3452 rei
1153 3383 1364 3459 memoriam
1381 3382 1443 3471 hic

143 3465 217 3565 legi
236 3468 437 3546 voluimus:
473 3472 528 3547 Ea
544 3471 632 3551 vero
652 3473 703 3546 ito
719 3469 753 3545 se
771 3468 891 3546 habet.

760 3637 831 3685 Η
