3322 4456
1220 171 1224 202 l

102 294 264 374 ivnon
365 282 1084 369 ‘annovera
1156 301 1185 309 ··
1356 298 1416 395 'tt

102 473 141 520 .„
167 421 294 496 stianae'
311 421 508 517 impietatis
534 416 779 510 &sacrilegae
806 411 963 507 ejusdem
988 418 1176 514 audacia,
1210 420 1246 494 in
1273 443 1410 519 quarn,

113 535 142 616 4,
167 519 264 618 quafi
293 521 328 592 in
357 519 539 617 publicam
567 516 726 586 cloacam
755 505 925 616 congesta
950 508 1029 584 sunt
1047 520 1083 590 dt
1103 541 1310 593 coacervata
1329 541 1409 591 orn·

110 669 141 712 ,‚
164 619 222 689 nia
239 617 515 689 antichtillianae
533 607 706 683 doetrinae
727 602 934 675 ludibria&
954 627 1138 704 portenta,
1159 638 1266 712 atque
1282 639 1407 693 omnes

110 765 139 809 „
165 715 202 786 in
222 711 409 786 Christum
428 704 660 802 blasphemiae
681 703 716 772 ἃ
738 701 981 772 contumclroe.

156 861 184 902 ,‚
210 810 409 894 Praeterea,
443 803 530 896 qnid
553 802 628 894 jam
656 796 762 867 hodie
788 795 962 886 invenias,
999 797 1096 892 quod
1121 799 1324 901 difficilius,
1357 831 1404 882 ex
1514 862 1517 868 -

109 905 289 998 „animis
315 898 506 970 hominum
532 892 653 967 revelli
679 889 804 991 possit,
835 914 907 964 non
925 915 1051 990 eorum
1069 912 1230 991 tantum,
1255 904 1316 996 qui
1335 909 1405 978 toti

96 1035 139 1093 ·‚,
163 997 283 1069 adhuc
318 993 474 1066 fascinati
508 990 587 1065 sunt
621 989 802 1062 veneficiis
828 987 1003 1061 dostrinae
1032 991 1247 1088 papisticae,
1280 1021 1403 1072 verum

112 1145 140 1188 „
164 1087 292 1182 etiarn,
313 1090 670 1189 quamplurimorum
691 1111 736 1160 ex
755 1086 898 1158 illorum
918 1111 1090 1181 numero,
1110 1092 1171 1186 qui
1183 1093 1256 1184 ejus
1269 1091 1404 1186 hostes,

111 1242 141 1286 „
166 1187 203 1263 ὃ(
223 1189 450 1288 Evangelicae
469 1187 626 1262 veritatis
644 1184 853 1284 professores
870 1204 977 1280 atque
995 1189 1405 1285 propugnatoresvideri

108 1338 136 1384 „
162 1285 313 1360 volunt?
350 1283 568 1377 Enimvero,
602 1307 707 1380 quam
736 1282 869 1355 multos
896 1284 1022 1356 videas·
1040 1310 1085 1357 ex
1114 1289 1242 1358 borum
1269 1309 1403 1384 grege,

95 1435 135 1480 ,,,
159 1407 232 1459 non
258 1382 372 1457 modi>
398 1407 443 1456 ex
468 1382 639 1480 gregariis
658 1381 881 1470 bominibus,
907 1378 964 1452 sed
983 1383 1020 1455 &
1038 1407 1083 1454 ex
1103 1383 1183 1478 ipsis
1201 1387 1401 1483 anteligna·

97 1532 134 1576 -„
158 1481 241 1571 nis,
276 1480 338 1553 suo
366 1480 507 1576 quidem
531 1479 675 1576 judicio
701 1474 901 1550 ledliffimos
928 1479 964 1551 δι
991 1482 1155 1577 egregios
1183 1483 1302 1573 viros,
1338 1485 1400 1580 qui

102 1630 132 1674 „
157 1577 270 1652 multa
303 1576 398 1676 apud
424 1600 545 1652 omnes
571 1575 780 1648 eruditionis
806 1572 987 1668 sapientiae
1016 1579 1051 1649 dt
1081 1574 1269 1650 sanititatis
1298 1581 1399 1657 laude

62 1661 69 1682 ’
93 1717 130 1772 ,,,
153 1673 382 1772 &opinione
400 1676 589 1772 praestant,
611 1696 700 1768 quos
718 1671 806 1745 nihil
819 1673 893 1770 jam
914 1671 1024 1766 pudet
1044 1675 1216 1771 pigetque
1232 1675 1399 1773 asserere,

92 1808 125 1871 ·‚,·
151 1771 357 1869 Christiano
384 1773 521 1846 homini
548 1771 657 1843 licere
684 1768 763 1866 post
788 1769 971 1866 cognitam
1003 1771 1191 1872 Evangelii
1211 1776 1397 1850 veritatem

13 1886 15 1889 ·
91 1922 125 1967 ‚,
148 1867 367 1944 exsecrandis
388 1870 508 1944 Missae
527 1866 631 1942 sacris
650 1890 721 1940 non
741 1866 853 1940 solum
872 1865 1057 1961 interesse,
1077 1889 1244 1968 tanquam
1265 1895 1397 1946 eorun-

66 1985 122 2066 ⁸„
147 1965 424 2060 dem-consorti,
450 1967 656 2056 sedetiam,
675 1963 699 2038 si
721 1966 769 2039 ita
786 1986 1033 2061 comparatum
1053 1965 1242 2137 est,ffluasr
1264 1968 1396 2064 mysta-

88 2116 120 2160 „
172 2078 284 2162 'ogum
312 2066 349 2140 ὃς
376 2066 570 2139 antistitem
596 2061 764 2158 praeelle,
791 2062 1130 2157 inquibustantaa
1171 2070 1265 2140 citur
1283 2068 1395 2143 Chri·

87 2188 120 2254 ,·‚
142 2085 216 2237 fids
240 2162 314 2232 Dei
340 2162 452 2232 Filius
478 2159 718 2244 contumelia,
752 2178 883 2250 quanta
900 2158 1018 2250 potest
1038 2163 1190 2234 maxima
1206 2166 1394 2262 excogita·

91 2300 121 2348 „
136 2253 200 2320 ri?
220 2255 338 2344 Cujus
357 2253 500 2344 quidem
520 2248 706 2321 borrendae
725 2252 954 2323 contumeliae
973 2254 1223 2348 dissimulatio,
1242 2259 1313 2333 istis
1329 2263 1394 2334 ho·

89 2400 119 2446 „
145 2345 301 2418 minibus
326 2368 396 2418 non
423 2343 616 2418 infeliciter
642 2341 832 2432 institutis,
865 2345 920 2416 sed
946 2348 992 2441 ad
1016 2374 1063 2420 un
1092 2376 1197 2424 onem
1224 2358 1395 2449 expolitio

91 2462 121 2541 ,ς
147 2444 185 2515 in
210 2440 388 2537 plausibili
416 2443 476 2514 illa
500 2438 559 2514 sun
588 2437 773 2509 fimulandi
802 2439 838 2510 ὃ(
866 2373 1100 2514 dissimulandi
1126 2445 1268 2537 schola,
1303 2454 1394 2525 nihil

87 2582 121 2638 ·‚,
146 2538 242 2611 aliud
269 2537 339 2611 elle
365 2540 530 2631 videtur,
565 2559 671 2634 quam
690 2553 750 2606 aut
765 2536 870 2630 jocus
888 2537 1030 2630 quidam
1051 2542 1195 2634 puerilis
1213 2563 1274 2614 aut
1295 2547 1394 2619 theos

89 2692 120 2737 „
147 2636 258 2709 tricus
276 2633 383 2708 lusus.
401 2688 428 2727 „
518 2658 521 2664 ¹

60 2808 62 2813 ,
138 2733 272 2827 Neque
290 2734 405 2804 minus
422 2730 537 2803 severa
557 2728 712 2818 somer,
734 2752 814 2822 quae
834 2729 861 2800 is
880 2727 1041 2805 adversus
1061 2730 1110 2805 sui
1124 2738 1303 2832 :temporis
1323 2739 1390 2814 Li·

88 2833 248 2909 bertinos
267 2831 302 2902 in
322 2830 420 2901 libris
438 2832 477 2901 de
495 2827 684 2921 Ministerio
703 2827 810 2900 Verbi
825 2827 898 2901 Dei
915 2827 1091 2925 disputat,
1119 2833 1179 2904 ubi
1201 2841 1270 2908 lta:

135 2980 164 3021 „
189 2928 288 3000 Nam
308 2927 456 3022 illis·(de
474 2925 671 3000 Libertinis
691 2925 834 3021 loquor)
854 2925 1018 3000 Christus
1035 2925 1087 3001 est
1105 2930 1246 3007 Satanas
1267 2933 1303 3010 &
1324 2936 1389 3010 So·

87 3082 115 3125 ,‚
135 3023 439 3117 *tanaeChristum
474 3024 603 3096 vitium
623 3023 758 3115 virtus,
789 3023 903 3096 uirtus
922 3025 1062 3098 vitium.
1112 3027 1391 3110 Nullumenim

15 3197 21 3203 .
87 3179 115 3222 „
128 3147 186 3205 ,ex
212 3119 336 3197 eorum
361 3122 533 3196 sententia
551 3140 738 3216 peccatum
757 3118 830 3212 est,
856 3120 1066 3207 nisieorum
1086 3128 1256 3220 opinione
1274 3132 1335 3223 qui
1355 3132 1392 3204 se

87 3276 131 3320 „2
144 3214 292 3316 peccare
319 3237 459 3317 putant.
510 3218 624 3293 Verus
649 3218 720 3291 Dei
738 3218 869 3308 timor,
897 3217 934 3291 δε
953 3245 999 3291 eo
1014 3220 1152 3293 imbuta
1170 3221 1388 3300 conscientia

82 3373 118 3414 -„
142 3343 210 3414 pto
237 3316 375 3390 inferno
403 3316 474 3389 illis
500 3315 673 3407 babetur,
706 3315 742 3386 &
763 3313 950 3385 Furiarum
968 3315 1138 3411 regno&
1158 3319 1388 3398 conscientiae

90 3466 118 3511 ,‚
142 3413 367 3506 carnificina,
400 3438 467 3511 pro
485 3409 645 3510 paradiso
662 3429 780 3484 autem
801 3409 838 3483 &
856 3410 930 3484 vita
948 3409 1072 3505 beata,
1099 3414 1315 3490 conscientia
1332 3421 1388 3496 di·

91 3565 119 3608 „
144 3511 216 3581 vini
241 3511 367 3606 judicit
393 3511 614 3587 contemtrix
641 3505 761 3582 secura
789 3505 927 3600 stupida
953 3511 991 3583 bt
1017 3508 1215 3606 consopita.
1252 3570 1260 3585 .
1297 3573 1307 3589 .
1334 3574 1342 3590 .
1376 3576 1386 3595 .

89 3662 118 3708 „
145 3604 215 3677 His
231 3605 315 3683 verb
327 3607 433 3706 jactis
453 3609 713 3699 fundamentis,
733 3606 783 3678 ita
802 3604 1003 3700 Scripturas
1022 3608 1143 3706 Saccas
1162 3613 1389 3707 interpretari

82 3760 118 3805 ,,,
144 3700 281 3791 solent,
297 3726 351 3779 eat
368 3705 584 3805 quocunque
601 3704 731 3778 volunt
748 3699 943 3795 versantes,
962 3726 1003 3777 ut
1021 3706 1159 3780 illarum
1178 3703 1389 3804 testimoniis

88 3857 117 3903 ,‚
143 3801 191 3872 irn
223 3796 289 3870 iam
309 3796 401 3873 suam
420 3802 626 3878 sententiam
645 3802 682 3876 δε
699 3798 895 3874 dosirinam
915 3801 1112 3902 approbare
1127 3803 1389 3882 &confirmare

82 3899 178 4000 τρὶ
204 3914 352 3990 eantur,
370 3896 740 4003 &imperitissucurn
758 3898 901 3974 faciant.
920 3949 950 3995 ,2
1098 3902 1175 4003 133
1316 3904 1391 3976 Sed
