3322 4456
82 331 316 434 -ama
488 320 1124 405 annovara
1383 351 1519 406 aa

149 452 305 528 Osiobti
326 453 370 525 Α.
385 472 488 551 1533.
512 453 548 526 in
566 449 642 545 ipso
660 446 753 522 ostio
772 445 897 519 Palatii
916 446 1026 543 Regii
1045 447 1171 523 Fontis
1188 449 1450 547 Bellaqueensis

147 550 209 623 ubi
228 573 304 625 tum
328 550 419 622 Aula
437 547 740 622 commorabatur.
791 543 839 613 ld·
854 540 940 614 verb
960 564 1032 612 non
1049 567 1188 637 poterat
1205 575 1278 621 non
1296 546 1449 646 indigne

146 646 238 723 serre
264 653 371 736 Rex,
404 645 615 741 ceteroquin
642 664 715 725 non
741 635 831 710 adeo
856 637 1008 733 amplius
1033 640 1081 708 ab
1103 643 1183 734 ipsas
1206 647 1359 739 alienus,
1386 645 1446 721 sed

146 744 216 828 hac
240 742 367 840 agendi
395 745 532 815 ratione
559 737 707 812 nimium
736 739 907 828 quantum
934 733 1187 823 exacerbarus;
1215 742 1346 837 Neque
1365 741 1443 817 sane

145 841 218 912 ulla
243 861 320 911 tum
347 859 420 911 erat
446 861 576 932 mora,
603 833 687 926 quin
714 833 827 902 atroci
847 827 988 919 edisio,
1015 837 1214 926 omnesqui
1235 838 1441 911 intenuissr·

145 958 238 1005 mam
265 936 417 1028 aliquam
445 931 676 1027 suspicionem
703 926 930 1019 incidebant,
964 925 1108 1019 feriret,
1142 950 1248 1025 atque
1274 957 1441 1028 compre·

146 1031 252 1102 hendi
267 1030 433 1128 juberet,
449 1029 506 1102 sed
526 1029 563 1103 ὅ(
582 1026 699 1099 nullus
715 1045 790 1098 erat
800 1024 927 1099 modus
936 1047 995 1098 aut
1007 1023 1087 1097 finis
1097 1023 1352 1121 suppliciorum
1365 1033 1440 1122 (ala

132 1125 257 1204 .Unde
283 1126 485 1200 miserabilis
509 1123 670 1200 ecclesiae
695 1119 803 1197 facies
829 1123 867 1198 ἃ
894 1120 1066 1197 luuuosoe
1091 1123 1289 1201 multotum
1310 1148 1443 1200 mortes

144 1222 223 1297 sunt
241 1224 462 1298 consecutae:
1338 1312 1340 1316 Ι

191 1321 240 1393 Et
265 1321 343 1396 sunt
363 1319 609 1395 memorabiles
626 1319 730 1414 plane
745 1319 914 1413 Johannis
933 1316 1245 1410 STURM11‚
1281 1323 1342 1417 qui
1361 1341 1441 1394 tum

141 1415 302 1492 Lutetia:
329 1418 503 1508 vivebat,
545 1418 655 1490 eade
680 1440 717 1489 re
743 1414 857 1488 litetae
884 1414 999 1512 pridie
1027 1415 1154 1489 Nonas
1184 1419 1312 1492 Martii
1336 1441 1447 1516 1534m

140 1514 233 1588 datae
276 1515 317 1588 ad
355 1517 548 1611 Philippum
581 1514 870 1588 Melanchthonem
895 1564 908 1604 ,
934 1512 1071 1607 ¹dignae
1105 1537 1186 1608 quae
1221 1517 1280 1589 hic
1315 1516 1438 1617 legan-

142 1631 203 1684 tur
219 1612 296 1705 (b):
332 1665 360 1706 „
381 1615 418 1688 Si
447 1616 482 1685 in
508 1612 708 1685 amicorum
736 1609 893 1705 negotiis
918 1608 986 1682 tibi
1005 1609 1195 1706 aliquando
1214 1611 1327 1685 literae
1347 1638 1439 1689 tneae

136 1757 164 1802 ‚,
193 1707 337 1784 suerunt
364 1731 501 1809 gratae,
537 1707 560 1780 fi
588 1731 743 1805 unquam
768 1707 946 1780 bonorum
975 1708 1133 1780 virorum
1163 1732 1215 1782 tes
1241 1709 1349 1783 salvas
1370 1709 1440 1786 esse

134 1857 162 1899 „
187 1808 390 1919 cupiyisti3
435 1805 480 1880 eb
517 1808 645 1904 majori
671 1825 768 1878 cutae
797 1804 864 1877 tibi
891 1803 948 1876 hae
973 1802 1041 1888 effe
1065 1804 1228 1900 debent,
1262 1803 1338 1905 qub
1361 1831 1438 1883 ma·
1495 1868 1497 1875 t
1563 1877 1569 1882 .

133 1953 162 1997 ‚,
216 1929 244 1976 ts
272 1929 309 1978 tn
335 1905 521 1979 communi
547 1902 658 1978 salute
685 1903 722 1978 ὃ(
750 1901 1008 1999 tranquillitate
1034 1903 1217 1977 retinenda
1243 1903 1439 1981 versantur.

133 2051 160 2093 „
187 1926 246 2073 sit
281 2003 318 2074 in
348 1999 653 2078 turbulentissimis
680 2001 906 2095 maximeque
932 1997 1139 2095 perniciofis
1167 2001 1438 2099 tempestatibus

134 2149 163 2190 „
183 2097 380 2192 jastatnur‚
412 2124 457 2171 ex
482 2102 626 2193 optimo
652 2099 690 2171 &
717 2099 937 2191 pulcerrimo
966 2096 1076 2191 statu,
1114 2100 1218 2195 cujus
1243 2100 1348 2175 nobis
1365 2101 1437 2176 viti

14 2229 19 2238 ,
133 2239 164 2282 „
190 2196 381 2284 prudentes
406 2193 570 2264 auctores
592 2193 759 2280 suerunt,
794 2193 831 2261 iu
857 2192 1025 2266 maximas
1048 2194 1266 2269 calamitates
1286 2198 1321 2270 bt
1341 2196 1444 2272 sum·.

134 2335 164 2380 ‚‚
188 2309 262 2358 mas
280 2308 454 2358 aerumnas
473 2283 767 2376 ineptiffimorum
787 2284 973 2358 bominum
991 2288 1148 2361 consiliis
1165 2291 1296 2385 delapfi
1307 2291 1439 2371 sumus.

133 2435 164 2479 ‚‚
188 2381 322 2480 Scripfi
351 2381 419 2455 tibi
432 2380 606 2478 superiori
624 2403 738 2471 anno,
765 2402 869 2475 quam
890 2381 1014 2476 pulcre
1034 2384 1218 2486 sistemus,
1247 2411 1351 2484 quarn
1371 2390 1436 2464 be·

84 2493 88 2500 ’
133 2532 163 2576 ‚‚
188 2477 235 2552 ne
252 2482 296 2555 de
314 2481 431 2576 Regis
449 2480 618 2573 aequitate
632 2474 841 2575 sperandum
858 2477 963 2553 esset:
988 2481 1254 2575 gratulabantur
1273 2504 1349 2558 turn
1369 2510 1436 2559 no·

133 2629 164 2675 ‚‚
188 2575 297 2663 bisin
315 2580 453 2651 vicem:
488 2576 545 2650 sed
562 2599 638 2650 eant
657 2571 883 2648 occafionem
902 2575 1062 2646 homines
1082 2574 1203 2648 furiosi
1223 2578 1338 2674 prope*
1358 2605 1445 2655 oms

131 2727 160 2773 „
187 2700 268 2749 nem
295 2674 530 2748 abstulerunt.
573 2675 641 2747 Pet
666 2669 831 2745 Mensem
858 2672 953 2744 enim
982 2668 1204 2767 octobrem,
1237 2677 1336 2769 quod
1362 2674 1444 2758 non

131 2826 160 2872 ,‚
183 2772 264 2848 satis
279 2772 349 2847 else
367 2790 561 2868 putarunt,
586 2771 669 2844 la’ta
686 2767 763 2844 fieti
783 2769 982 2865 principia:
1009 2769 1106 2865 quod
1126 2769 1351 2866 metuerunt,
1370 2800 1434 2872 pa-

130 2925 159 2968 „
184 2894 261 2946 tum
290 2870 425 2946 multos
450 2866 529 2943 sore
553 2867 692 2942 suarum
717 2869 896 2965 partium,
921 2863 986 2939 nifi
1005 2867 1147 2962 astutis,
1172 2893 1213 2944 ut
1232 2871 1314 2966 ipsis
1334 2877 1443 2954 vide·.

132 3021 160 3064 ,‚
184 2968 311 3062 batur,
342 2968 401 3043 sed
419 2985 461 3040 ut
478 2992 531 3041 res
548 2967 701 3055 indicat,
730 2962 934 3039 stultissimis
952 2965 989 3039 ὃ(
1008 2965 1267 3045 seditiosissimis
1285 2975 1443 3054 rationi,

133 3120 162 3161 „
186 3065 253 3141 bus
275 3060 390 3163 'tegna
416 3065 453 3138 ὅ(
480 3085 605 3160 gentes
630 3063 904 3161 perturbarent3
940 3061 1081 3138 libellos
1103 3090 1181 3138 uno
1206 3088 1372 3164 tempore
1389 3072 1435 3148 de

132 3166 370 3258 „Ordinibus
395 3161 649 3258 Eccleſsasticis‚
683 3159 728 3233 de
753 3164 884 3256 luffa,
918 3159 963 3233 de
988 3162 1227 3255 Eucharistia‚
1263 3189 1327 3260 per
1352 3171 1434 3241 uni·

134 3312 162 3356 ,‚
189 3260 319 3333 versam
338 3256 414 3333 sete
431 3259 588 3332 Galliam
606 3255 712 3331 noste
729 3257 766 3327 in
783 3256 951 3330 omnibus
968 3260 1109 3352 angulis
1126 3256 1340 3354 affixerunt,
1365 3264 1434 3336 inr-

134 3407 161 3448 ‚,
186 3356 347 3432 manibus
373 3357 409 3432 &
429 3355 576 3454 tragicis
592 3351 926 3428 exclamationibus.
968 3353 1066 3426 Ante
1083 3353 1199 3454 Regis
1216 3357 1323 3430 etiam
1343 3383 1433 3435 con·

137 3501 166 3543 ‚‚
187 3457 288 3529 clave
303 3455 596 3552 agglutinatum,
617 3475 690 3549 quo
708 3448 914 3524 certiora&
932 3451 1045 3548 magis
1064 3454 1259 3546 perniciosa
1276 3458 1435 3552 pericula

138 3598 165 3641 „
188 3571 402 3626 crearentur.
446 3552 545 3627 Nam
574 3549 801 3648 perturbatus
828 3547 892 3620 hac
920 3571 956 3622 re
982 3550 1159 3648 populus,
1188 3556 1323 3629 territae
1341 3557 1434 3631 mul·

741 3644 781 3720 N
813 3664 830 3742 3
1323 3675 1435 3750 „to-

179 3853 231 3934 (α)
253 3833 318 3916 rid.
335 3851 588 3920 CAMERAR.
602 3855 680 3922 Vita
697 3852 897 3921 Melanchth.
915 3873 944 3937 p.
964 3871 1010 3922 m.
1027 3873 1098 3936 145.

109 3990 113 4002 ,
144 4007 151 4023 ,
179 3959 232 4044 (a)
257 3957 1087 4049 apudSCULTET.Anna.T.11.p.443.tq.
