3322 4456
745 288 854 388 sm)

145 455 248 525 mus,
282 421 561 522 comprobamus
586 417 624 492 &
650 433 723 488 rata
740 414 932 502 habemus3
960 412 999 489 &
1014 431 1054 489 ut
1072 415 1155 492 talia
1172 418 1379 499 inconcusse
1396 443 1450 500 te·

149 530 266 607 nenda
292 524 413 601 nostrai
441 517 615 593 sententia
641 513 832 587 definimus
858 516 894 588 δε
918 513 1154 589 decernimus.
1198 519 1288 594 Asia
1304 524 1450 600 fuerunt

148 629 231 703 haec
250 631 359 699 Anno
377 620 422 692 ab
441 615 689 690 lncarnatione
709 612 858 685 Domini
883 634 987 706 ¹521·
1013 612 1071 684 die
1094 615 1277 711 rprlpril.
1304 622 1339 692 in
1357 645 1449 717 quo·
1510 663 1512 666 >

147 750 228 802 rum
255 717 499 796 testimonium
529 715 571 785 iis
600 710 849 784 Instrumentis
876 733 958 806 quae
986 710 1023 780 in
1051 710 1219 784 Archivis
1245 715 1282 786 ὃς
1303 719 1450 792 Scriniis

148 823 193 894 ad
213 838 420 918 perpetuam
439 814 488 885 rei
506 810 715 883 memoriam
735 806 969 898 reservamus,
991 806 1159 902 Sigillum
1176 809 1332 881 nostrum
1344 815 1451 885 duxi·
1589 860 1596 866 -

148 941 229 992 mus
262 910 529 1011 apponendum.
579 905 638 978 nd
671 928 824 1003 quorum
852 903 1035 998 exemplar
1060 905 1105 979 de
1132 906 1309 993 Mandato
1329 911 1451 984 nostro

148 1012 338 1107 praesentes
355 1007 455 1084 suilse
475 1004 630 1080 fideliter
648 1000 826 1100 impressas
843 1001 1023 1077 testamur.
1433 1012 1444 1021 “

681 1335 800 1409 Num.
828 1336 918 1409 lll.

305 1500 563 1608 Conclusro
597 1502 776 1603 Facult.
811 1499 994 1601 Theol.
1034 1501 1295 1605 Parisrenfis

218 1719 327 1784 curn
352 1688 419 1816 Ej.
449 1671 776 1814 Responfione
805 1672 865 1773 ad
890 1679 1161 1813 Reginam,
1193 1691 1238 1776 &
1256 1683 1383 1805 Via,
1435 1781 1447 1788 ,,

377 1894 446 1968 qua
470 1867 708 1978 Luthera‘ni
735 1891 871 1942 errores
896 1867 1067 1963 extirpari
1095 1866 1236 1964 poffint.
1444 1928 1453 1939 .

155 2032 165 2045 ·
232 2052 236 2057 .
286 2009 332 2060 ex
359 1978 754 2056 ARGENTRElib.
774 1981 838 2051 eit.
855 1979 1031 2051 Tomll.
1058 1978 1123 2053 sol.
1140 2006 1204 2055 xx.
1230 1981 1301 2079 seq.

149 2125 157 2263 ,
249 2170 387 2244 NNO
415 2167 567 2240 Domini
590 2189 695 2262 ¹523·
728 2186 879 2261 propter
906 2169 1168 2243 crebrescentes
1195 2177 1458 2269 querimonias,

269 2291 351 2367 quat
370 2289 436 2366 per
453 2264 624 2337 zelatores
642 2262 729 2335 fidei
750 2261 884 2336 fiebant
904 2265 940 2336 in
960 2267 1113 2337 Domini
1130 2268 1241 2341 nostri
1262 2273 1377 2368 Regis
1396 2275 1463 2345 do·

149 2395 211 2445 mo
231 2370 276 2443 de
294 2363 455 2465 peruersa
474 2362 627 2436 Luthcri
646 2362 681 2434 δι
701 2359 904 2456 sequacium
924 2359 1109 2456 dosirina,
1130 2368 1228 2460 quod
1248 2367 1385 2443 scilicet
1402 2372 1460 2442 ni·

149 2467 263 2541 mium
293 2467 465 2537 fineretur
487 2460 726 2556 multiplicari
754 2462 791 2531 in
820 2460 891 2533 hoc
918 2458 1215 2536 Christianiffimo
1244 2490 1383 2563 regno,
1423 2468 1460 2540 ia

149 2555 285 2664 grande
312 2561 513 2635 scandalum
542 2558 698 2657 ejusdem
721 2558 875 2629 Domini
894 2558 1006 2630 nostri
1027 2561 1162 2657 Regis,
1192 2563 1366 2636 Dominae
1384 2566 1462 2660 ejus
1523 2601 1524 2605 ¹

151 2662 296 2751 mactis,
323 2660 361 2731 bc
381 2659 580 2754 primorum
601 2657 700 2752 regni
717 2654 947 2749 Resiorum,
968 2659 1118 2755 &quod
1137 2659 1352 2735 dicebantur
1368 2686 1461 2735 non·

151 2758 261 2833 nullae
289 2755 448 2853 persono
475 2757 510 2826 in
531 2755 604 2852 ipsa
623 2754 739 2851 Regis
758 2754 870 2826 domo
890 2753 1056 2829 sublimes
1077 2777 1234 2852 notatae,
1261 2761 1298 2836 &
1318 2759 1464 2856 sequen·

152 2859 251 2932 tibus
272 2854 454 2946 faverem,
480 2853 521 2925 od
542 2851 694 2924 nostram
715 2853 937 2949 Theologiae
957 2850 1204 2948 Facultatem,
1235 2856 1466 2934 lllustrislima

153 2957 216 3030 illa
244 2954 405 3028 Domina
431 2949 590 3048 ejusdem
616 2950 731 3047 Regis
748 2971 863 3023 mater
878 2949 974 3024 misrt
995 2955 1232 3028 venerabilem
1252 2956 1367 3030 lenem
1389 2960 1465 3030 Or·

155 3054 248 3128 dinis
283 3052 475 3124 Minorum
511 3051 556 3120 dc
587 3047 810 3120 observantia
833 3049 1037 3148 religiosum
1069 3049 1132 3123 srbl
1161 3055 1197 3125 in
1225 3052 1467 3151 spiritualibus
1605 3050 1607 3054 ’

156 3151 318 3223 Fratrem
346 3147 578 3237 familiarem,
612 3145 774 3217 Fratrem
805 3148 992 3219 Gilbertam
1016 3152 1182 3239 NoroIai,
1210 3154 1270 3244 qui
1288 3152 1466 3224 Facultati
1552 3149 1555 3154 ’

157 3246 362 3320 solemniter
383 3264 617 3340 congregatae
635 3240 802 3336 exposuit
818 3240 852 3312 se
868 3241 912 3312 ab
928 3247 1049 3314 eadem
1071 3246 1249 3337 Domina,
1278 3267 1468 3344 propterea

160 3340 300 3418 missum
320 3340 501 3436 expresse,
528 3361 568 3413 ut
587 3338 689 3433 super
706 3337 849 3410 duobus
867 3338 1048 3427 articuliS,
1073 3364 1164 3436 quos
1179 3345 1381 3439 explicuit,
1401 3347 1469 3420 Fa·
1493 3419 1497 3429 ,

162 3439 306 3514 culturis
326 3437 516 3511 confilium
537 3437 683 3510 haberet
702 3435 744 3508 ad
763 3433 870 3529 ipsam
895 3435 1088 3508 Dominam
1110 3436 1356 3517 referendum:
1387 3447 1470 3541 qui·

161 3539 228 3610 bus
254 3537 383 3611 auditis
408 3535 489 3629 post
517 3557 691 3608 maturam
716 3532 1008 3606 deliberationem
1028 3532 1161 3610 dissum
1181 3536 1252 3614 fuit
1272 3544 1308 3616 ὃ(
1328 3544 1472 3617 ordina·

163 3656 264 3726 tum,
298 3632 396 3728 quod
424 3635 574 3704 omnino
601 3652 675 3704 crat
694 3630 1017 3725 obtemperandum
1038 3653 1107 3705 tam
1128 3638 1198 3731 piae
1218 3643 1407 3735 petitioni,
1433 3643 1474 3716 bc

163 3733 206 3805 ad
227 3730 334 3827 ipsam
357 3730 555 3802 Dominam
584 3731 730 3801 nomine
749 3729 778 3799 F
781 3729 945 3801 acuitatis
965 3731 1189 3807 scribendum
1202 3770 1215 3822 3
1242 3740 1283 3810 ad
1303 3740 1476 3834 quodex·

164 3828 365 3928 equendum
377 3881 389 3922 ,
416 3826 605 3924 deputavit
625 3828 825 3901 Dominum
846 3828 1044 3925 Syndicum
1065 3855 1147 3906 cum
1167 3833 1243 3908 aliis
1262 3824 1481 4004 quibrffidarn'

1402 3954 1478 4030 agr·
