3322 4456
751 320 768 412 l
781 320 885 414 ¹⁶4)

175 446 277 548 ‘abit
293 472 402 545 opera
418 444 555 536 restra,
580 444 618 520 be
635 442 853 520 scrutabitur
869 443 1122 542 cogitationes.
1155 442 1216 517 nd
1231 468 1297 520 ror
1313 470 1406 546 ergo
1422 473 1486 523 re·

176 567 263 642 get,
294 546 374 619 sunt
401 547 438 617 bi
461 545 636 616 sermones
653 544 747 634 mei,
771 564 814 615 ut
830 544 976 616 discatis
990 543 1196 638 sapientiam
1215 545 1253 615 δι
1271 569 1317 616 ne
1332 549 1489 619 excida-

179 644 241 715 tis,
281 644 358 735 Qui
384 645 478 715 enim
498 640 708 712 cusiodiunt
720 640 920 734 justitiam,
942 640 1035 733 julie
1047 640 1332 736 judicabuntur,
1358 645 1488 740 &qui

178 739 382 810 didicerunt
394 736 513 837 julla,
538 739 720 806 invenient
737 738 824 831 quid
843 736 1091 831 respondeant,
1116 737 1230 829 &c.„
1253 739 1354 809 Hinc
1373 739 1490 814 facile

180 833 333 931 perspici
361 834 500 928 potest,
532 829 744 903 exabtiffime
768 856 789 903 a
816 838 959 927 regibus
977 831 1162 927 potestatis
1177 832 1249 906 suae
1264 835 1488 910 reddendam

179 928 252 1002 ese
275 934 473 1023 rationem,
505 930 657 1024 illosque
682 926 897 1024 gravissimas
922 951 1062 999 manere
1087 953 1237 1025 poeuar,
1271 930 1415 1025 finon,
1440 955 1489 1008 ut

179 1030 368 1123 oportuit,
394 1032 429 1098 in
448 1050 524 1121 rep.
536 1025 813 1098 'administranda
828 1025 897 1096 sese
913 1024 1093 1121 gesserint.

229 1122 372 1216 Quodfi
400 1142 497 1195 tanta
522 1144 608 1194 cura
631 1146 674 1194 ac
698 1120 925 1194 solicitudine
940 1121 1215 1216 quibuscunque
1230 1122 1375 1219 regibus
1392 1149 1493 1221 opus

182 1214 259 1311 cst,
290 1241 395 1313 quam
420 1224 545 1290 anxios
560 1220 673 1310 igitur
687 1242 729 1291 ac
745 1217 904 1290 solicitos
920 1216 1128 1290 christianos
1145 1241 1247 1314 reges
1264 1220 1334 1291 effe
1351 1221 1489 1296 debere

184 1314 402 1426 cqnsendum
419 1316 494 1408 cst,
511 1314 732 1461 quibuqnou
749 1315 878 1423 politia
892 1317 1004 1387 modo
1020 1315 1160 1407 civilis,
1175 1317 1234 1387 sed
1246 1317 1488 1392 ecclefialiiea

183 1411 1488 1606 immisisset?a?2113232⁰as¹33⁰zslsl233²32s

217 1602 290 1675 'oni
316 1607 473 1676 maxime
498 1602 731 1678 consentanea
747 1603 849 1696 sunt,
875 1623 1000 1678 curare
1015 1603 1233 1680 neceffecst.
1272 1607 1494 1683 Praesentem

185 1700 295 1869 uqtjlqs
312 1699 646 1869 fecilittftiiecdmdd
659 1701 851 1870 Ιςιίυιιιίριῖιιι
861 1698 1072 1871 cb‘qilstqaaqqr
1089 1703 1140 1774 ita
1155 1703 1274 1869 {ddisti
1292 1709 1494 1872 egregit,

273 1819 315 1868 ac
357 1820 469 1869 oca
538 1819 582 1868 ua
696 1819 795 1870 ercu
852 1821 973 1871 mia
1061 1819 1154 1871 urnu
1233 1820 1277 1869 ur
1361 1823 1493 1876 tuoe

185 1819 420 1983 incumbitis,
439 1912 479 1966 ut
497 1890 592 1964 resia
607 1889 770 1965 dodriua
786 1915 1027 1993 propagetur,
1045 1912 1261 1987 ornetmque
1273 1847 1344 1964 l')ei
1354 1893 1496 1989 gloria.

234 1986 331 2062 Cum
357 1990 471 2086 igitur
494 2014 516 2062 a
540 1987 737 2064 christianis
763 1992 906 2086 regibus
927 1991 1103 2087 justitiam
1126 1989 1164 2061 in
1186 1989 1361 2083 imperio,
1384 1992 1495 2084 pacis

186 2083 332 2158 tuenda
351 2109 496 2178 curam,
521 2086 716 2182 pietatem,
742 2086 898 2160 studium
913 2086 1085 2183 juvandae
1101 2085 1139 2161 δι
1153 2085 1320 2158 ornaudae
1338 2087 1497 2184 religio·

187 2179 244 2255 nir
259 2181 482 2276 christianae,
506 2185 607 2279 exigi
624 2185 964 2276 animadverterem,
989 2184 1080 2257 nihil
1096 2183 1186 2256 mibi
1201 2185 1323 2281 potius
1340 2181 1408 2255 elle
1427 2186 1497 2258 de-

188 2274 275 2355 bere
296 2280 526 2378 judicabam,
557 2304 664 2376 quam
693 2300 734 2353 ut
757 2305 880 2355 omnes
896 2283 1023 2354 inirem
1042 2282 1217 2371 rationes,
1241 2281 1433 2378 quominus
1452 2284 1497 2355 in

189 2374 264 2452 hoc
290 2400 372 2451 meo
400 2400 513 2473 regno
536 2378 617 2451 hacc
635 2403 654 2451 a
672 2401 730 2452 me
744 2377 1007 2470 defiderentur,
1035 2379 1206 2473 &quoad
1225 2374 1381 2474 possem,
1405 2401 1496 2451 mu-

190 2473 266 2548 neri
294 2473 463 2572 imposito
489 2473 740 2548 satisfacerem.
782 2474 870 2548 Hoc
889 2496 930 2547 ut
948 2474 1087 2547 facilius
1104 2474 1377 2572 expeditiusque
1392 2498 1497 2569 prae·

191 2569 282 2647 liare
308 2575 463 2663 valeam,
495 2595 566 2643 non
586 2570 757 2668 ignoratis
776 2594 860 2661 vos,
887 2592 1054 2667 quantam
1072 2595 1194 2643 curam
1210 2570 1436 2644 adhibuerim
1456 2576 1500 2648 in

191 2669 262 2744 illis
287 2672 390 2744 rebus
407 2669 681 2764 promovendis,
708 2667 938 2762 tuendisque,
965 2691 1045 2762 quae
1065 2669 1150 2740 huic
1168 2669 1318 2766 negotio
1336 2672 1497 2742 maxime

192 2766 416 2856 conducere,
440 2788 475 2836 at
504 2789 547 2836 ue
563 2764 770 2860 adjumento
788 2763 855 2836 elle
874 2764 1106 2855 videbantur,
1132 2788 1213 2859 quae
1232 2785 1358 2847 contra
1375 2768 1496 2862 impe·

192 2860 392 2957 discatque
410 2859 478 2932 obe
509 2859 615 2932 evisa
633 2859 733 2952 sunt,
760 2879 894 2956 quanto
913 2860 1029 2934 liudio
1048 2861 1174 2935 tollere
1190 2884 1230 2933 ac
1249 2861 1367 2935 delere
1383 2886 1499 2936 cona·

192 2954 366 3049 tursum,
391 2952 587 3048 affidueque
606 2977 731 3027 conor.

240 3050 397 3126 Abunde
424 3050 517 3121 enim
546 3046 650 3122 vobis
677 3049 893 3130 declaratum
922 3050 1090 3127 baslenus
1112 3053 1205 3145 suit,
1240 3078 1345 3152 quam
1373 3056 1409 3128 in
1430 3057 1503 3137 hac

191 3146 311 3227 nostra
337 3147 548 3239 Britannia,
589 3147 711 3221 multis
740 3168 835 3220 retro
863 3146 1013 3245 seculis,
1056 3151 1228 3248 Episcopi
1255 3154 1414 3225 Romani
1442 3161 1504 3235 vis

191 3246 322 3348 injusta
355 3270 396 3324 ac
431 3269 503 3319 non
538 3243 709 3338 ferenda,
751 3244 968 3323 sacrosancto
1003 3251 1126 3323 divino
1163 3250 1318 3319 Nummi
1347 3256 1505 3333 inimica

191 3342 285 3441 fuit,
318 3367 506 3441 tantopere
531 3344 697 3444 religioni
726 3344 950 3440 christianae,
985 3371 1078 3420 verae
1096 3341 1269 3416 doetrinae
1288 3368 1504 3444 propagan.

192 3439 249 3515 dte
284 3440 459 3517 adversata
486 3439 565 3533 est,
608 3465 778 3541 quantum
807 3443 913 3542 hujus
940 3442 1149 3539 reipublicae
1177 3462 1301 3534 pacem
1330 3468 1369 3516 ac
1394 3464 1503 3522 tntu.

193 3536 406 3637 quillitatem
442 3536 622 3633 saepillime
649 3541 924 3635 interturbavit,
968 3535 1250 3635 potestatemque
1278 3542 1407 3636 regiam
1437 3542 1502 3616 di.

192 3632 327 3713 linitus
361 3634 591 3708 constitutam
629 3635 900 3728 labeneundo,
941 3634 1097 3707 debitam
1132 3639 1294 3710 omnium
1322 3635 1500 3713 obedien.

192 3730 278 3809 tiam
305 3753 325 3805 a
350 3754 434 3805 veto
462 3754 502 3803 ac
524 3733 622 3829 justo
649 3736 822 3834 principis
848 3733 897 3809 sui
925 3733 1077 3830 imperio
1096 3754 1223 3808 contra
1240 3757 1345 3807 omne
1361 3735 1417 3829 jus
1438 3738 1499 3808 di·

312 3859 316 3896 ι
341 3828 378 3907 &
405 3828 599 3933 humanum
624 3828 730 3910 adse
755 3829 943 3909 transferte
968 3827 1069 3907 ausus
1089 3830 1153 3906 est.
1194 3832 1318 3927 Hujus
1337 3832 1496 3929 potesta·

1414 3947 1495 4008 tem
