3322 4456
112 404 204 511 ¹tuit:
242 392 465 494 Angelorum
493 409 610 465 autern
638 269 968 467 trogmorum
984 391 1178 494 suscipere,
1204 397 1261 476 sed
1281 399 1424 480 seminis
1455 365 1460 369 Ι

116 499 334 582 Abrahamt,
370 492 466 585 quod
495 490 701 562 testimonio
727 491 988 588 Prophetarum
1016 497 1177 568 omnium
1204 500 1424 594 praediciurn

115 594 208 686 fuit,
243 612 282 664 ut
310 591 346 661 in
372 609 604 685 peccatorum
633 585 870 660 humanorum
889 591 1132 685 expiationem
1153 594 1188 668 &
1208 597 1422 673 s'acrificiuru

117 690 323 769 offerretur.

118 795 156 843 ne
171 789 244 920 Pes]
271 780 505 856 Credimus&
519 776 737 851 confitemur
751 779 869 872 Jesum
885 780 1069 854 Christum
1088 782 1150 856 sub
1163 788 1294 862 Pontio
1304 793 1425 865 Pilato

118 861 192 910 ⁶⁰⁰⁰·
274 878 431 978 passum,
452 875 687 967 crucifixum,
704 898 905 968 mortuum,
924 877 1103 975 sepultum
1116 906 1181 977 pro
1192 892 1349 975 peccatis
1359 915 1427 961 no·

123 982 225 1059 stris..
250 979 357 1050 lilurn
386 979 480 1044 eninr
508 997 616 1044 unum
644 978 793 1068 Agrium
822 980 905 1046 vere
934 977 1134 1051 Paschaiem
1152 981 1241 1074 esse,
1269 987 1305 1056 in
1324 986 1430 1058 vieri-

124 1102 217 1155 mum
237 1076 420 1160 oblatum,
447 1092 485 1139 ιιι
506 1095 569 1141 uos
587 1093 631 1140 ex
650 1071 801 1143 Diaboli
819 1070 980 1148 saucibus
996 1078 1173 1170 eriperet,
1197 1082 1430 1171 quemadmo-

126 1181 220 1254 dum
239 1169 486 1246 adumbratum
517 1168 550 1235 id
576 1167 645 1238 suit
664 1191 726 1260 per
743 1167 940 1265 serpentem
961 1195 1100 1243 aeneum
1121 1175 1155 1245 in
1175 1174 1313 1248 deserto
1331 1203 1432 1253 erec·

126 1297 226 1354 tum:
262 1265 429 1366 quonium
454 1263 514 1354 qui
536 1264 570 1333 in
590 1263 776 1335 Christum
796 1267 1016 1341 crucifixum
1035 1271 1145 1340 aciem
1165 1272 1355 1346 oculorum
1376 1277 1432 1348 di·

125 1369 292 1458 rexisset,
325 1363 424 1434 omni
452 1361 579 1430 morbo
605 1360 804 1455 levaretur,
839 1363 1102 1459 maledidioni,
1128 1371 1296 1442 ric-morti
1315 1373 1433 1469 eripe·

127 1491 248 1555 retur,
275 1458 498 1559 puffioneque
522 1455 581 1528 sua
598 1458 640 1528 iis
658 1457 718 1553 qui
738 1460 775 1530 in
793 1484 875 1534 eum
895 1461 1081 1537 crederent
1100 1462 1247 1541 salutem
1267 1468 1303 1544 dc
1323 1471 1434 1543 viram

131 1565 346 1641 restituerer.
858 1616 862 1623 .
878 1597 880 1601 ¹

129 1662 168 1716 ne
182 1659 319 1789 descensu]
344 1652 535 1724 Credimus
562 1651 599 1724 δι
625 1650 845 1727 confitemur
864 1654 1079 1729 descendisse
1097 1657 1198 1730 ilium
1218 1661 1261 1734 ad
1280 1661 1435 1734 inferos:

131 1735 162 1783 ²⁴
174 1731 274 1781 ¹¹¹s“⁰⁵‘
348 1773 418 1820 non
448 1743 588 1824 tuntum
609 1750 704 1821 enim
726 1773 899 1846 corporea
914 1770 1033 1822 morte
1051 1751 1238 1826 desunsius
1256 1757 1308 1828 est
1327 1758 1436 1828 Chri·

131 1849 230 1940 stus,
263 1840 389 1917 ueritus
410 1845 515 1918 etium
535 1849 702 1941 oportuit
718 1870 801 1920 eum
820 1868 901 1919 cum
922 1843 1116 1919 inserorum
1137 1851 1252 1947 copiis
1270 1870 1436 1924 aeteruae·

133 1970 204 2043 que
222 1945 349 2016 mortis
370 1944 516 2014 horrore
535 1941 631 2037 quasi
651 1943 820 2017 consertis
836 1941 999 2016 manibus
1016 1940 1155 2017 luston.

132 2041 328 2173 DeChsistisss]
355 2041 545 2114 Credimus
581 2042 617 2114 ὅ(
655 2041 871 2115 confitemur
900 2041 1102 2116 Dominum
1132 2042 1294 2118 nostrum
1313 2045 1441 2141 ‘Jesum

132 2111 290 2235 ΨΜ
355 2137 539 2214 Christum
570 2140 678 2212 tertio
706 2139 828 2236 postea
854 2138 913 2213 die
934 2137 1141 2216 suscitatum
1160 2139 1373 2237 emortuis,
1398 2143 1445 2216 ad

132 2232 430 2339 justificationem
458 2235 640 2327 nostrum,
675 2233 964 2335 verissrmr'tmque
990 2238 1233 2316 testimonium
1260 2240 1378 2314 salutis
1405 2241 1444 2315 &

136 2334 403 2415 consecutionis
430 2359 575 2410 reternae
602 2336 689 2409 vitae
707 2357 834 2408 eorum
853 2341 916 2433 qui
934 2336 1088 2413 libenter
1105 2337 1141 2409 in
1159 2338 1305 2413 Christo
1324 2336 1443 2409 fideli·

135 2426 264 2530 trirque
284 2437 501 2508 moriuntur.
530 2518 533 2523 ,

133 2533 291 2667 masten]
316 2532 537 2623 Credimus,
579 2529 617 2604 ὃ(
651 2521 872 2604 confitemur
906 2530 1296 2607 Dominumnostrum
1323 2530 1444 2626 Jesum

135 2602 212 2727 'sm‘
319 2632 502 2705 Christum
532 2625 766 2724 quadraginta
792 2627 875 2719 post
897 2626 1187 2704 resurredtionem
1206 2631 1300 2705 suum
1321 2629 1447 2702 diebus

137 2727 174 2822 iu
200 2727 332 2799 caelum
358 2724 568 2814 ascendisse,
594 2716 882 2818 corporesmque
898 2724 1121 2816 presentium
1140 2727 1234 2797 suam
1252 2749 1297 2795 ex
1318 2726 1370 2791 his
1389 2726 1443 2788 in·

137 2814 327 2896 serioribus
346 2823 435 2894 iocis
452 2816 688 2906 submovisse,
705 2816 1009 2908 quemadmodum
1029 2815 1244 2909 predixerat
1263 2813 1444 2907 discipulis

106 2979 112 2986 .
138 2915 208 2993 suis
223 2915 329 3004 Joan.
346 2929 400 2991 tn.
427 2917 464 2987 δι
485 2913 577 2986 srcut
596 2911 729 3006 Angeii
748 2929 893 3006 quoque
911 2909 1030 2982 restrui
1046 2909 1138 2980 sunt.

135 3001 317 3175 ffise‘ffi]
342 3019 556 3108 Credimus,
591 3018 628 3092 δι
657 3014 898 3110 confitemur,
933 3015 1051 3091 sedere
1077 3014 1178 3090 iilum
1198 3015 1242 3090 ed
1260 3014 1444 3095 dexteram

113 3143 279 3198 retrone
341 3117 414 3192 Dei
441 3116 555 3190 Patris
583 3112 863 3213 omnipotentis:
887 3116 936 3188 -in
960 3115 1080 3203 brunia
1095 3136 1179 3211 quae
1197 3115 1279 3191 sunt
1299 3118 1450 3215 interra·

140 3214 180 3303 δι
198 3211 235 3284 in
253 3214 346 3290 caelo
365 3217 554 3313 imperium
573 3215 785 3303 habentem,
803 3212 1266 3290 const-iturum'Dominum
1278 3216 1448 3295 omuibus
1545 3266 1549 3274 .

141 3311 342 3401 ditionibus
359 3312 749 3413 acdominarioniburr
774 3310 891 3387 hostes
907 3312 986 3387 suos
997 3312 1446 3483 nostrosqgeduxisseeap·

141 3408 237 3484 rivos
258 3411 292 3482 in
313 3414 559 3511 triumphurn:
586 3414 707 3511 eisque
723 3412 913 3486 exinanitis
931 3412 1098 3485 omnibus
1116 3426 1153 3483 re
1180 3434 1242 3505 us,
1270 3414 1452 3508 populum

141 3505 244 3587 suum
262 3506 399 3586 divitiis
414 3512 584 3587 omnibus
595 3512 631 3586 δι
643 3509 772 3605 opibus
788 3508 940 3582 auxisse:
969 3507 1160 3609 ingressum
1172 3511 1278 3584 etiam
1291 3514 1325 3582 in
1338 3508 1449 3583 Sanc·

140 3605 321 3699 turrium,
356 3609 512 3684 humano
537 3607 694 3683 artificio
720 3602 867 3680 minimi
894 3605 1024 3681 sosium
1052 3627 1161 3705 atque
1187 3607 1449 3700 constitutum,

139 3700 206 3787 ubi
231 3709 469 3800 patronus&
495 3709 673 3783 mediator
698 3706 838 3804 ‘generis
863 3706 1008 3813 hururrni
1031 3702 1211 3807 perpetuo
1230 3700 1397 3799 consistit
1412 3705 1452 3782 δι

141 3822 305 3904 reperet.

151 3946 156 3955 .
1362 3897 1454 3972 Cre·
