3322 4456
227 397 297 483 334
432 363 1525 478 Htsrotttassvnncsuttn.154r.

228 515 334 572 terno
360 493 393 569 se
417 495 612 582 liberasset,
651 494 782 589 Neque
810 491 847 567 id
864 488 1029 585 tautlttu,
1055 493 1111 568 sed
1131 496 1168 572 ὃ(
1188 498 1296 570 certis
1314 499 1523 596 quibusdam

228 594 411 684 articulis,
442 596 569 689 quibus
588 615 693 663 omne
712 589 1076 664 Tranlsubstantioms
1094 612 1302 686 portentum
1320 599 1524 692 explicatur

230 691 270 764 &
288 690 468 781 asseritur,
493 687 708 761 subscribere
727 711 799 757 non
818 686 868 758 est
886 690 1019 759 veritus
1033 690 1105 779 (a),
1125 691 1259 784 quippe
1277 696 1337 786 qui
1356 697 1393 767 &
1415 700 1524 790 paulb

257 787 333 880 oll,
368 810 449 858 cum
475 786 519 857 de
543 788 647 856 Anna
664 783 820 855 llskewa
836 783 1029 857 sumeretur
1047 784 1286 881 supplicium,
1311 793 1524 866 concionem

277 884 355 958 buit
373 882 416 954 de
432 884 679 971 sacramento,
700 881 737 953 &
754 880 884 953 librum
901 880 1014 953 edidit
1032 905 1100 979 pro
1118 886 1279 974 tuendis,
1298 889 1426 979 quibus
1444 889 1524 961 sub·

231 977 414 1077 scripserat
431 979 612 1068 articulis,
631 977 667 1051 &
687 979 877 1049 acerrimus
896 977 1064 1073 deinceps
1081 976 1144 1052 sub
1164 981 1293 1051 Mariae
1313 1007 1445 1080 reguo,
1465 989 1525 1058 ad·

229 1081 514 1247 produmstenue
541 1076 626 1146 licet
653 1095 772 1168 operae
800 1072 935 1146 tulisset
961 1077 1116 1170 pretium
1137 1075 1193 1170 (b)
1227 1077 1525 1156 Reformatorem

248 1195 300 1247 urt
342 1194 533 1247 erecuror.

278 1200 418 1359 §.PCR
446 1268 514 1342 Sed
534 1264 677 1339 suerunt
695 1286 772 1338 tum
791 1288 937 1363 quoque
947 1267 1117 1364 permulti
1127 1267 1208 1359 alii,
1228 1273 1288 1364 qui
1306 1272 1525 1365 praeseutiam

231 1368 396 1464 corporis
422 1362 559 1439 Christi
587 1365 623 1433 in
652 1364 758 1436 Sacra
784 1365 925 1456 Coena,
959 1365 1184 1462 praecipuum
1213 1363 1286 1438 fere
1312 1393 1355 1438 ex
1383 1373 1451 1443 illis
1469 1373 1527 1444 serr

100 1528 116 1563 ρ
229 1464 415 1554 articulis,
456 1460 655 1555 dequibus
681 1479 785 1532 antea
810 1463 976 1555 egimus,
1009 1484 1206 1558 negarent,
1253 1464 1295 1535 ln
1324 1466 1386 1538 bos
1416 1471 1529 1563 igitur

116 1558 120 1567 '
230 1559 484 1659 persecutionis
510 1555 611 1629 furor
635 1554 771 1648 saeviit,
805 1581 958 1653 quorum
985 1560 1149 1632 nonnulli
1176 1557 1266 1633 sabla
1287 1568 1529 1636 recantatione

232 1662 467 1754 impetrarunt
486 1654 659 1752 gratiam,
676 1653 734 1724 alii
753 1653 1032 1746 constantiores,
1051 1656 1203 1752 publico
1217 1657 1296 1731 sunt
1311 1657 1431 1733 affesli
1445 1659 1529 1757 sup·

232 1754 368 1854 plicio,
404 1755 504 1824 lntet
529 1772 639 1846 quos,
670 1773 753 1822 cum
772 1753 880 1825 etiam
900 1750 1052 1823 foemina
1067 1751 1153 1824 ell'et
1171 1754 1285 1825 nobili
1302 1776 1529 1850 generenam

230 1860 334 1929 Anna
353 1845 582 1921 ASKEWA
600 1846 833 1944 (Askougb,)
853 1866 894 1920 ut
911 1849 988 1942 ejus
1005 1849 1212 1920 memoriam
1229 1852 1448 1943 recolamus,
1467 1853 1529 1926 abs

231 1972 270 2026 re
286 1969 359 2022 non
376 1948 444 2018 erit
461 1947 627 2016 alienum.

279 2048 412 2118 Fuerat
438 2064 478 2113 ea
505 2061 584 2112 nata
611 2043 646 2112 in
671 2040 807 2113 ditione
826 2037 1092 2128 Lincolniensr,
1118 2039 1223 2112 Patre
1242 2038 1336 2115 Viro
1353 2042 1469 2118 nobili
1486 2071 1529 2120 ac

231 2142 419 2240 praeslante
446 2138 633 2212 Gulielmo
659 2139 819 2210 Askewo
837 2138 915 2229 (c),
949 2134 1131 2232 Equestris
1157 2138 1313 2231 ordinis,
1339 2142 1376 2216 &
1397 2143 1530 2216 babue-

231 2260 287 2314 rat
312 2240 456 2337 dignam
484 2233 655 2307 natalibus
672 2234 945 2326 educationem,
970 2235 1154 2331 ingenium
1174 2235 1261 2310 selix
1281 2238 1533 2337 &disciplinis

233 2358 381 2435 aptum,
411 2357 492 2432 quae
511 2333 630 2404 omnia
646 2333 683 2403 in
699 2334 813 2430 majus
832 2351 1023 2407 creverunt
1040 2331 1234 2409 accedente
1251 2335 1419 2433 deinceps
1438 2341 1531 2411 divi·

232 2436 280 2509 nd
307 2431 518 2528 cumprimis
545 2430 683 2526 gratid5
705 2431 887 2502 ¹Maximo
913 2452 999 2504 vero
1018 2429 1127 2526 ipsius
1145 2430 1345 2506 infortunio
1363 2437 1530 2508 maritum

230 2532 332 2625 nasia
354 2526 559 2603 Pontificiae
578 2527 744 2624 religioni
763 2526 1057 2621 addidliffimum,
1082 2552 1156 2601 non
1175 2549 1312 2603 tantum
1331 2530 1461 2625 abeo,
1487 2532 1532 2606 sr-

232 2632 309 2706 mul
328 2645 552 2720 compererat
569 2649 645 2698 eam
665 2622 937 2700 Reformationi
954 2627 1093 2716 favete,
1118 2625 1229 2699 domo
1244 2627 1296 2701 est
1314 2628 1450 2725 ejedla,
1474 2630 1532 2705 sed

232 2730 294 2820 dt,
312 2724 518 2798 Londinum
538 2725 701 2815 veniens,
719 2723 768 2795 ob
784 2712 893 2797 v'erba
910 2723 1080 2797 nonnulla
1089 2722 1251 2800 adversus
1260 2728 1485 2822 corporalem
1497 2729 1533 2797 in

231 2825 449 2898 sacramento
469 2821 686 2914 praesentiam
707 2844 780 2892 non
797 2822 948 2915 provide
965 2821 1044 2894 satis
1061 2821 1221 2915 prolata,
1240 2825 1276 2892 in
1292 2842 1469 2892 carcerem
1480 2821 1531 2888 est

236 2916 419 3011 conjedlaa
440 2917 602 2991 Tametsi
620 2937 760 3004 autem,
779 2937 824 2984 ex
842 2915 992 3003 eodem,
1008 2915 1194 3006 postquam
1212 2912 1529 2984 formulaecuidam

236 3018 371 3106 (addita
396 3038 512 3089 tamen
541 3015 606 3084 bac
633 3008 806 3097 clausula,
830 3010 871 3100 se
896 3016 1010 3078 cunda
1036 3009 1105 3077 haec
1128 3009 1278 3097 credere,
1312 3022 1469 3101 quatenus
1494 3015 1531 3082 ia

225 3115 297 3209 fide
319 3119 452 3211 ecclestae
477 3108 643 3183 catholice
668 3100 947 3193 continuantur,)
973 3096 1243 3196 subscripserat,
1276 3103 1382 3174 amici
1399 3106 1530 3199 etiam,

234 3213 443 3312 interposito
469 3200 654 3303 sponfioue
678 3223 746 3297 pro
771 3221 812 3273 ea
837 3219 1030 3295 caverant,
1064 3196 1203 3274 dimissa
1224 3198 1366 3294 fuerat,
1395 3200 1528 3279 ladrum

1411 3319 1532 3377 tamen

274 3508 325 3590 (a)
352 3498 488 3569 Articuli
512 3464 662 3581 leguntur
683 3493 715 3559 in
738 3490 962 3563 BURNETI
987 3489 1193 3559 Colleuione
1206 3491 1477 3560 documentorum
1493 3497 1532 3561 ad

233 3583 589 3762 V‘Zffimerriptfstlcstss,
606 3662 659 3726 nis
676 3660 859 3760 vicariatum
876 3656 1160 3812 Episcopililiends
1177 3658 1287 3724 abinde
1303 3662 1451 3760 usquead
1462 3663 1534 3727 vitae

233 3754 332 3819 finem
356 3744 428 3846 rude
451 3760 604 3825 reportare
628 3761 771 3826 potuerit.
805 3745 875 3810 rid.
926 3740 1116 3812 URNET·
1140 3762 1171 3808 tu
1188 3744 1293 3829 Opere
1309 3743 1531 3828 rpsosol.186.

233 3830 320 3901 eoos.
340 3825 1063 3929 srnYeEMemornrsecctes.v0t1.cs
1085 3826 1231 3909 .47.fol.
1263 3843 1314 3910 53.
1407 3911 1416 3928 θ
1489 3912 1498 3929 ‚

233 3915 326 4071 en
341 3908 950 4065 stellata.terreamur·
971 3908 1058 4027 rou
1085 3908 1214 4015 ,aa
1261 3906 1390 4019 eu
1406 3934 1436 3981 ω
1452 3911 1532 3980 ut·
