3322 4456
662 411 664 414 ,
761 311 869 408 (81.)

784 535 836 610 V.

325 726 328 731 >
677 681 767 756 ‘De
791 684 912 777 Miffa.

162 837 415 1016 Flammea
442 828 635 904 tenendum
662 826 735 920 est,
771 827 916 900 Millam
945 826 1120 902 Divinum
1147 830 1215 906 ell'e
1234 834 1461 938 institutum,

245 958 315 1005 non
335 931 550 1019 humanum,
578 951 659 1022 quae
681 925 751 998 five
768 925 938 1021 publice,
968 925 1040 998 five
1058 930 1225 1023 privatim
1245 937 1281 1008 bt
1302 940 1460 1032 peculia.

159 1037 246 1103 riter
265 1031 423 1118 dicatur,
444 1049 567 1097 verum
585 1024 636 1095 est
656 1023 906 1116 Sacrificium,
927 1024 1032 1096 Vivis
1051 1026 1462 1120 plurimumconduccns
1522 1078 1531 1102 .

160 1129 199 1202 bc
228 1123 415 1199 Defundtis
443 1124 478 1193 in
502 1143 732 1216 peccatorum
753 1120 983 1194 remissionem
1004 1120 1039 1193 &
1060 1122 1344 1204 satisfactionem.
1380 1132 1459 1206 Ex·

158 1225 302 1297 cellenti
320 1222 413 1294 enim
434 1220 600 1291 innititur
617 1220 746 1291 merito
764 1216 930 1291 Passionis
949 1215 1109 1312 Christi,
1129 1224 1223 1297 unde
1241 1228 1355 1301 virtus
1374 1253 1460 1325 pro·

158 1323 256 1394 cedit
276 1322 600 1394 sacramentorum.
643 1316 767 1412 Quare
783 1339 855 1388 non
874 1312 989 1388 solum
1009 1339 1054 1389 ex
1073 1318 1267 1395 devotione
1285 1326 1379 1399 valet
1397 1351 1459 1401 ce·

156 1419 348 1507 lebrantis,
383 1415 440 1488 sed
467 1415 653 1509 praecipue*
681 1437 725 1485 ex
750 1415 939 1488 virtute&
960 1416 1090 1486 merito
1108 1417 1267 1510 Christi,
1293 1422 1460 1517 quodibi

157 1516 361 1612 applicatur
379 1536 422 1583 ex
443 1513 519 1606 ejus
538 1512 762 1583 ordinatione
777 1508 844 1584 &d
862 1511 1040 1606 plerisque
1058 1537 1147 1607 opus
1165 1538 1352 1612 operatum
1370 1519 1461 1598 solet

97 1692 99 1697 ,
156 1613 349 1710 appellari:
379 1612 415 1682 &
436 1609 518 1703 quia
537 1629 654 1681 tantus
672 1609 722 1680 est
742 1607 844 1680 valor
862 1608 971 1681 Milic
990 1606 1010 1679 a
1029 1610 1314 1711 quibuscumque
1333 1619 1459 1694 Sacer·
1519 1616 1534 1658 ·’

154 1710 323 1797 dotibus,
359 1707 430 1779 five
456 1706 580 1797 bonis,
616 1705 687 1777 five
711 1706 831 1794 malis,
867 1707 1089 1800 celebretur,
1124 1733 1195 1782 non
1220 1714 1458 1789 estcontem·

154 1807 279 1880 nenda.
314 1807 428 1878 Porro
454 1804 716 1877 celebrantibus
737 1805 819 1903 jure
845 1804 1055 1878 tribuuntur
1080 1812 1312 1904 temporalia,
1338 1813 1459 1908 quien
1541 1864 1551 1885 .

152 1905 370 2000 accipientes
397 1901 606 1998 reprehendi
634 1925 706 1973 non
733 1902 893 1993 debent,
937 1921 998 1975 aut
1024 1906 1147 1976 vocari
1173 1909 1457 2006 nundinatores,

71 2010 74 2015 ’
154 1995 316 2097 ¹‘quamvis
342 2022 491 2094 magnus
521 1999 563 2071 srt
590 2022 756 2072 numerus
784 2001 1018 2073 Sacerdotum
1038 2003 1293 2077 celebrantium
1314 2007 1351 2082 &
1368 2009 1458 2082 vitae

153 2097 350 2170 subsidium
371 2094 583 2167 celebrando
602 2095 881 2187 suscipientium.
918 2095 1050 2169 Voluit
1067 2101 1161 2172 enim
1184 2103 1305 2193 Deus,
1330 2126 1371 2178 ut
1390 2105 1457 2180 do·

156 2212 241 2265 cent
268 2192 491 2287 Scripturae,
521 2191 654 2262 multos
673 2193 709 2261 in
728 2191 809 2286 lege
826 2194 937 2263 veteri
956 2192 1018 2264 suo
1036 2193 1152 2266 Altnri
1172 2200 1390 2293 ministrare,
1417 2205 1458 2280 &

152 2288 386 2362 ministrando
405 2284 553 2358 honeste
571 2286 773 2377 sustentari,
801 2310 866 2359 nec
884 2288 1092 2382 pauciores,
1116 2289 1189 2364 imb
1208 2295 1319 2390 longe
1339 2299 1457 2388 plures

152 2389 189 2459 in
208 2387 287 2486 lege
306 2408 399 2457 nova
418 2383 535 2455 voluit
554 2384 707 2456 ordinari
728 2384 843 2457 Altari
862 2384 1072 2476 Ministros,
1099 2390 1160 2480 qui
1178 2411 1219 2463 ut
1237 2390 1458 2468 scribitMa·

151 2485 305 2574 lachias,
341 2486 377 2555 in
396 2483 496 2554 omni
515 2481 622 2574 loco,
650 2481 711 2553 suo
729 2479 847 2554 sandlo
866 2483 1002 2555 nomini
1022 2480 1221 2561 sacrificent
1242 2490 1279 2564 bc
1297 2491 1455 2566 oblatio·

149 2604 231 2654 nem
249 2581 415 2654 mundam
426 2575 591 2653 offerant.
619 2577 788 2670 Atvcrb,
808 2580 1173 2654 licetmultitudincm
1186 2585 1359 2683 delegerit
1373 2590 1454 2664 Do·

149 2681 268 2751 minus
288 2675 563 2767 Ministrorum,
589 2676 787 2773 optandum
805 2678 1211 2775 tamen&enitcndum,
1238 2705 1278 2757 ut
1297 2687 1381 2760 tales
1400 2689 1454 2762 illi

148 2776 371 2867 habeantur,
406 2776 469 2871 qui
494 2773 605 2871 digne
631 2773 816 2847 ambulent
840 2774 899 2847 sua
925 2777 1139 2868 vocatione,
1172 2803 1245 2875 quo
1272 2782 1388 2858 sanfte
1414 2787 1455 2862 δε

148 2873 240 2971 pure
266 2871 417 2947 landam
442 2872 533 2945 hanc
553 2870 792 2946 &salutarem
813 2872 1032 2946 oblationem
1053 2873 1182 2947 crebro
1200 2876 1332 2953 offerre
1346 2905 1380 2956 at
1410 2908 1456 2961 ue

146 2972 323 3070 suscipere
348 2991 571 3060 mercantur,
605 2992 650 3043 ex
674 2993 743 3066 qna
760 2968 930 3044 nimirum
949 2970 1074 3044 uberes
1092 2971 1228 3050 fructus
1248 2980 1285 3053 δε
1307 2982 1364 3053 Mi
1396 3006 1454 3057 am

146 3070 473 3145 celebrantibus&
502 3068 727 3143 audientibus
753 3067 866 3142 solent
895 3071 1105 3163 provenire,
1140 3076 1281 3166 quoties
1302 3079 1453 3155 Divinae

147 3168 323 3263 majestati·
349 3171 385 3239 in
414 3164 521 3239 Missa
538 3163 702 3240 offertur.
736 3167 906 3240 lmmcnfi
926 3169 1022 3239 enim
1041 3167 1092 3239 est
1109 3173 1241 3243 valoris
1260 3176 1296 3247 bc
1316 3176 1453 3249 Fideli-

147 3262 215 3336 bus
238 3264 341 3359 justis
368 3284 475 3359 atque
503 3261 643 3359 injustis
669 3285 799 3358 magna
816 3261 920 3335 affert
939 3265 976 3337 ὃς
997 3264 1081 3334 vita:
1101 3287 1181 3358 quae
1200 3292 1296 3339 nunc
1313 3271 1386 3368 est,
1412 3277 1453 3353 δι

146 3359 281 3434 suturae
308 3362 561 3434 emolumenta.
605 3359 761 3432 Proinde
787 3360 880 3432 male*
907 3358 977 3431 suae
1003 3358 1105 3431 saluti
1131 3362 1348 3461 consulunt,
1389 3374 1452 3468 qui

146 3457 272 3532 Missas
300 3458 452 3551 privatas
474 3456 679 3530 auferendas
697 3457 907 3530 decernunt.
943 3456 1155 3551 ingentibus
1175 3486 1328 3561 namque
1346 3493 1451 3542 com·
1526 3480 1536 3499 '

146 3557 263 3629 modis
281 3553 314 3627 se
334 3554 371 3626 &
387 3555 474 3628 alios
493 3554 715 3630 defraudant.
746 3553 861 3651 Qrod
880 3556 938 3649 pia
955 3574 1068 3627 mater
1086 3560 1270 3635 attendens
1290 3564 1453 3640 licclelia

145 3655 247 3749 supra
265 3676 373 3743 annos
391 3653 489 3726 mille
506 3655 542 3726 in
560 3654 656 3727 hunc
673 3673 785 3748 usque
804 3653 897 3726 diem
918 3651 1097 3728 servandas
1115 3657 1191 3732 illas
1211 3660 1450 3759 longuidsub

145 3750 402 3826 consuetudine
426 3750 587 3843 edocuit.
631 3752 881 3848 Qtamobrem
911 3753 974 3842 iis,
1009 3752 1070 3847 qui
1093 3755 1175 3828 talia
1194 3760 1451 3838 moliuntur&
1534 3838 1537 3844 Δ

145 3868 313 3951 quaerunt
339 3845 405 3921 fibi
431 3850 607 3947 concedi,
641 3848 747 3946 plane
773 3847 1058 4020 rIe‘spondendum
1075 3851 1150 3949 est,
1175 3857 1347 3951 Nescitis,
1370 3863 1453 3952 quid

1352 3969 1451 4050 pesas
