3322 4456
747 299 881 397 (128.)

172 453 257 507 cura
281 431 356 520 est,
390 455 469 505 nam
494 430 583 504 belli
605 427 744 503 labores
768 432 807 507 δι
823 429 986 529 pericula
1000 430 1050 505 ob
1067 455 1125 506 ets
1141 433 1258 508 causas
1274 431 1476 529 suscipiun-

175 552 255 622 tur,
275 554 314 602 ut
332 553 393 602 aut
412 530 505 602 ultio
522 530 664 624 inj'uriae
682 532 727 601 ab
746 526 907 602 hostibus
925 552 1126 624 repetatur,
1143 555 1206 606 aut
1225 534 1304 630 plus
1323 531 1479 605 habendi

177 632 357 723 cuprditas
383 629 593 724 expleatur,
620 648 660 696 tu
678 627 777 697 nulla
794 629 962 721 privatim
981 629 1082 698 laelirs
1099 631 1252 726 injuria,
1276 631 1407 702 nullius
1424 630 1480 700 rei
1566 661 1570 667 ·

177 724 302 797 alienae
319 747 510 821 appetens,
535 727 598 795 ubi
616 726 772 817 primum
788 722 918 796 senfisti
936 722 1086 797 sanctam
1101 724 1482 820 sedemapollolicam,

179 826 216 895 dt
243 823 516 895 eccleliallicara
542 824 742 893 libertatem
770 825 894 894 vocari
918 825 955 893 in
976 820 1186 913 discrimen,
1210 846 1377 917 tanquam
1395 824 1486 919 pius

180 919 276 992 lilius
293 922 416 993 matris
434 941 530 992 tuam
550 919 776 1013 implorantis
793 944 900 1015 opem
920 944 1010 990 soce
1026 923 1227 1010 excitatus,
1251 921 1386 992 bellum
1404 920 1484 991 dif-

179 1013 279 1089 ficile
296 1040 404 1112 atque
414 1018 564 1089 arduum
577 1015 778 1111 suscepisti,
795 1037 966 1109 tuamque
980 1016 1293 1111 praestantiffimam
1303 1020 1482 1089 virtutem
1550 1056 1560 1071 ·

182 1112 252 1186 suis
279 1111 465 1186 affcEtibus
482 1113 678 1208 placatam,
704 1115 743 1185 ὅ(
762 1113 906 1185 liberam
923 1115 1068 1204 alienis,
1092 1138 1209 1186 acrem
1228 1117 1266 1187 ὅ(
1285 1113 1484 1186 animosam

182 1210 390 1306 prebuisti:
416 1208 545 1280 deinde
561 1231 648 1277 vero
666 1232 750 1279 cum
769 1210 1009 1281 reconciliatis
1024 1213 1148 1281 animis
1164 1235 1312 1300 eorum,
1334 1212 1396 1307 qui
1409 1210 1486 1283 ledi

181 1306 389 1400 apostolicae
409 1308 482 1376 vim
500 1300 716 1394 afferebant,
740 1307 927 1399 expediret
944 1307 1144 1379 christiana·
1162 1307 1373 1401 reipublicae
1387 1330 1489 1380 arma

180 1404 317 1498 ubique
342 1406 452 1500 poni,
484 1423 527 1474 tu
545 1423 744 1497 quanquam
765 1401 882 1476 vidior
897 1405 937 1477 ὃ(
954 1408 992 1476 in
1010 1402 1164 1476 hostium
1181 1427 1292 1500 agro,
1318 1402 1487 1499 pluribus

182 1523 309 1573 eorum
324 1502 399 1596 jam
418 1498 566 1573 urbibus
583 1501 820 1596 expugnatis,
844 1500 956 1574 castra
973 1501 1125 1595 habens,
1144 1503 1181 1573 in
1198 1501 1487 1598 obtemperando

181 1615 303 1670 tamen
328 1597 486 1693 publica:
511 1596 662 1669 utilitati
687 1597 833 1668 voluilli
854 1598 924 1669 effe
940 1602 1120 1696 princeps.
1162 1600 1296 1694 Neque
1314 1622 1408 1671 arma
1424 1598 1486 1670 so-

183 1691 261 1767 lum
282 1697 333 1790 (id
351 1693 450 1790 quod
465 1693 526 1765 alii
543 1714 687 1789 quoque
702 1695 871 1788 egerunt)
888 1693 945 1766 sed
964 1692 1150 1765 vidioriam
1170 1694 1277 1788 ipsam
1296 1694 1488 1788 dimifilli,

183 1791 295 1887 longe
312 1794 483 1886 majorem
501 1791 539 1863 δι
556 1790 768 1860 diviniorem
783 1788 969 1859 vieloriam
980 1787 1100 1858 nactus
1110 1819 1124 1871 ς
1143 1789 1365 1861 vicistienim
1377 1810 1491 1866 tuum

183 1892 365 1977 ammom,
391 1886 452 1983 qui
471 1905 687 1957 caeterorum
706 1886 870 1955 omnium
888 1882 1058 1979 potuiffet
1074 1880 1143 1955 elle
1160 1882 1288 1955 victor.

234 1987 291 2057 lta
307 2003 389 2056 cum
409 1983 533 2055 caeteri
549 1982 729 2079 principes
747 1982 907 2054 humanis
923 1979 1135 2076 quibusdam
1144 1980 1314 2077 gradibus
1322 1977 1367 2053 ad
1374 1979 1487 2053 uobi-

185 2081 323 2155 litatem
350 2079 454 2153 famae
478 2075 686 2171 ascendant,
712 2101 754 2150 tu
771 2078 816 2151 ad
835 2077 1048 2174 fingularem
1065 2078 1105 2152 ἃ
1121 2076 1323 2152 inufitatam
1341 2077 1489 2154 laudern

52 2183 56 2191 '
184 2177 388 2253 caelestibus
412 2177 581 2275 operibus
606 2176 811 2273 pervenisti.
850 2177 1025 2252 Secutum
1046 2174 1098 2250 est
1115 2195 1258 2274 tempus
1275 2199 1349 2248 non
1367 2177 1489 2254 minus

187 2274 394 2351 damnosum
405 2272 606 2350 christianae
617 2273 702 2347 fidei
712 2299 817 2372 quam
826 2294 956 2369 turpe;
975 2274 1245 2370 quo‚(turbante
1255 2274 1492 2351 Germaniam

186 2377 309 2473 impiis
320 2375 357 2450 &
368 2375 483 2472 pravis
499 2372 732 2468 opinionibus
742 2374 908 2461 Luthero)
923 2395 998 2445 non
1007 2373 1197 2446 mediocris
1206 2374 1243 2445 in
1251 2370 1432 2444 animabus
1442 2370 1493 2445 fi-

186 2473 322 2547 delium
341 2473 436 2545 labes
452 2468 543 2543 faeta
558 2469 609 2542 est
620 2501 635 2556 ς
657 2492 730 2565 quo
748 2489 914 2566 tempore
927 2491 968 2543 tu
986 2493 1070 2543 cum
1088 2493 1268 2544 armorum
1288 2468 1493 2543 movendo-

186 2594 269 2646 rum
297 2595 364 2667 pro
387 2568 472 2642 fidei
488 2570 602 2642 tutela
617 2565 842 2640 oceafionem
859 2591 934 2641 non
949 2567 1116 2660 haberes,
1140 2569 1248 2642 etiam
1265 2565 1497 2663 praestantio·

187 2693 249 2758 ra,
276 2670 313 2742 bt
330 2670 373 2739 ad
392 2665 503 2739 fimile
520 2687 613 2760 opus
628 2665 958 2738 accommodatiora
974 2665 1029 2738 tui
1046 2667 1184 2761 ingenii
1201 2667 1238 2739 &
1252 2663 1496 2737 dodisiuaear·

188 2787 246 2836 ma
273 2762 440 2852 vibrasti,
474 2762 640 2854 libroque
667 2763 704 2830 in
722 2763 807 2856 fidei
826 2761 1027 2832 christianae
1053 2760 1350 2832 sacramentorum
1375 2759 1495 2851 defin-

179 2867 305 2955 fionem
330 2859 465 2950 scripto
489 2879 530 2926 ac
556 2853 767 2948 divulgato,
797 2856 917 2950 impiis
944 2856 1200 2926 haereticorum
1215 2853 1405 2924 conatibus
1423 2854 1495 2926 ob·

191 2959 285 3028 viam
315 2951 423 3022 ivisti.
464 2950 542 3038 Qui
565 2945 709 3036 quidem
729 2948 842 3035 liber,
868 2947 986 3019 saneto
1004 2947 1160 3022 dictante
1177 2948 1340 3044 Spiritu,
1365 2949 1415 3022 eis
1435 2949 1496 3023 lu·

189 3047 348 3123 minibus
366 3045 500 3141 ingenii
520 3041 750 3137 scientiaeque
767 3040 916 3115 refertus
932 3040 1005 3136 est,
1030 3064 1072 3115 ut
1089 3042 1194 3117 facile
1209 3067 1398 3140 appareat,
1421 3073 1496 3144 op·

189 3149 314 3222 timam
343 3165 528 3235 naturam,
561 3162 780 3236 quocunque
805 3139 838 3213 se
863 3142 1033 3234 verterit,
1055 3142 1100 3214 ad
1126 3146 1247 3216 omnia
1263 3163 1383 3238 aptam
1402 3145 1496 3240 elle,

188 3248 363 3344 optimam
389 3266 475 3316 vero
502 3238 747 3332 voluntatem,
771 3240 880 3313 etiam
902 3241 973 3314 Dei
990 3265 1061 3338 ope
1078 3242 1116 3314 ὅ(
1135 3265 1281 3315 munere
1299 3242 1335 3314 in
1353 3243 1496 3320 cunblis

189 3343 332 3418 felicem
351 3341 418 3415 elie
437 3342 473 3415 δι
492 3337 724 3412 fortunatam.
765 3339 920 3434 Propter
937 3363 1018 3434 quae
1037 3341 1158 3411 omnia
1175 3341 1323 3413 titulum
1343 3342 1442 3413 illum
1455 3343 1497 3418 ὃ(

188 3465 394 3538 cognomen
423 3440 565 3531 „Fidei
588 3437 808 3530 defensoris„
844 3437 1033 3511 Serenitati
1063 3459 1136 3509 tuae
1162 3462 1226 3536 per
1252 3437 1494 3533 supradictum

188 3535 481 3639 praedecefforcm
513 3533 673 3607 nostrum
698 3532 892 3629 justillimis
920 3536 956 3608 ὃ(
985 3534 1146 3628 plurimis
1175 3538 1370 3610 rationibus
1395 3535 1496 3608 dela-

78 3630 83 3641 ’
191 3661 292 3729 ιιιιιι,
327 3660 390 3707 nos
417 3657 560 3730 quoque
586 3634 621 3704 in
640 3632 849 3722 apollolicae
868 3632 1052 3730 potestatis
1073 3636 1294 3729 plenitudine
1312 3633 1407 3706 beati
1428 3635 1497 3707 Pe·

188 3738 259 3829 tri,
286 3736 322 3808 ὃ(
343 3732 437 3805 illius
455 3734 531 3805 veri
548 3730 782 3822 succellores,
807 3756 851 3804 ex
871 3753 968 3804 certa
984 3732 1129 3806 scientia
1147 3736 1184 3807 ὃ(
1203 3734 1347 3830 propria
1366 3733 1498 3804 volun·

61 3856 65 3863 '
187 3856 263 3916 tate
279 3831 379 3909 uosta
396 3831 657 3932 approbamus,
684 3830 960 3927 confirmamus,
978 3831 1118 3931 tibique
1135 3851 1347 3930 perpetuum
1359 3832 1396 3904 &
1408 3852 1496 3922 pro-

1376 3928 1497 4025 prium
