<?xml version="1.0" encoding="UTF-8"?>
<!DOCTYPE html PUBLIC "-//W3C//DTD XHTML 1.0 Transitional//EN"
    "http://www.w3.org/TR/xhtml1/DTD/xhtml1-transitional.dtd">
<html xmlns="http://www.w3.org/1999/xhtml" xml:lang="en" lang="en">
 <head>
  <title>
</title>
<meta http-equiv="Content-Type" content="text/html;charset=utf-8" />
  <meta name='ocr-system' content='tesseract 3.04.00' />
  <meta name='ocr-capabilities' content='ocr_page ocr_carea ocr_par ocr_line ocrx_word'/>
</head>
<body>
  <div class='ocr_page' id='page_1' title='image "./introductioinhi02gerdgoog_0104.png"; bbox 0 0 3322 4456; ppageno 0'>
   <div class='ocr_carea' id='block_1_1' title="bbox 60 248 1538 3231">
    <p class='ocr_par' dir='ltr' id='par_1_1' title="bbox 60 248 1538 3231">
     <span class='ocr_line' id='line_1_1' title="bbox 95 248 1452 379; baseline -0.008 -21"><span class='ocrx_word' id='word_1_1' title='bbox 95 248 1119 379; x_wconf 54' lang='lat' dir='ltr'>&gt;a.153r.·ttENo“vaT1.</span> <span class='ocrx_word' id='word_1_2' title='bbox 1215 306 1220 327; x_wconf 89' lang='lat'>·-</span> <span class='ocrx_word' id='word_1_3' title='bbox 1399 290 1452 370; x_wconf 87' lang='lat'>77</span> 
     </span>
     <span class='ocr_line' id='line_1_2' title="bbox 142 389 1452 494; baseline -0.007 -19"><span class='ocrx_word' id='word_1_4' title='bbox 142 447 174 494; x_wconf 87' lang='lat'>,‚</span> <span class='ocrx_word' id='word_1_5' title='bbox 198 398 252 475; x_wconf 86' lang='lat' dir='ltr'>sus</span> <span class='ocrx_word' id='word_1_6' title='bbox 278 399 441 476; x_wconf 70' lang='lat' dir='ltr'>erudiisse</span> <span class='ocrx_word' id='word_1_7' title='bbox 470 421 633 487; x_wconf 82' lang='lat' dir='ltr'>mentes,</span> <span class='ocrx_word' id='word_1_8' title='bbox 678 413 717 466; x_wconf 91' lang='lat' dir='ltr'>ut</span> <span class='ocrx_word' id='word_1_9' title='bbox 746 394 784 467; x_wconf 76' lang='lat' dir='ltr'>bt</span> <span class='ocrx_word' id='word_1_10' title='bbox 815 389 1048 486; x_wconf 82' lang='lat' dir='ltr'>Magistratus</span> <span class='ocrx_word' id='word_1_11' title='bbox 1072 394 1252 494; x_wconf 81' lang='lat' dir='ltr'>intelligat</span> <span class='ocrx_word' id='word_1_12' title='bbox 1278 412 1452 492; x_wconf 86' lang='lat' dir='ltr'>certoque</span> 
     </span>
     <span class='ocr_line' id='line_1_3' title="bbox 144 487 1450 593; baseline -0.004 -21"><span class='ocrx_word' id='word_1_13' title='bbox 144 546 172 592; x_wconf 92' lang='lat'>„</span> <span class='ocrx_word' id='word_1_14' title='bbox 198 499 303 591; x_wconf 91' lang='lat' dir='ltr'>sciat,</span> <span class='ocrx_word' id='word_1_15' title='bbox 336 501 435 573; x_wconf 92' lang='lat' dir='ltr'>suum</span> <span class='ocrx_word' id='word_1_16' title='bbox 455 519 541 570; x_wconf 82' lang='lat' dir='ltr'>vitae</span> <span class='ocrx_word' id='word_1_17' title='bbox 561 517 672 593; x_wconf 80' lang='lat' dir='ltr'>genus</span> <span class='ocrx_word' id='word_1_18' title='bbox 691 513 799 586; x_wconf 87' lang='lat' dir='ltr'>atque</span> <span class='ocrx_word' id='word_1_19' title='bbox 821 487 946 559; x_wconf 86' lang='lat' dir='ltr'>statum</span> <span class='ocrx_word' id='word_1_20' title='bbox 965 489 1031 562; x_wconf 84' lang='lat' dir='ltr'>ess&#39;e</span> <span class='ocrx_word' id='word_1_21' title='bbox 1048 494 1132 566; x_wconf 90' lang='lat' dir='ltr'>Deo</span> <span class='ocrx_word' id='word_1_22' title='bbox 1152 515 1384 592; x_wconf 85' lang='lat' dir='ltr'>pergratum,</span> <span class='ocrx_word' id='word_1_23' title='bbox 1412 492 1450 567; x_wconf 71' lang='grc' dir='ltr'><strong>ἃ</strong></span> 
     </span>
     <span class='ocr_line' id='line_1_4' title="bbox 141 585 1538 693; baseline -0.004 -24"><span class='ocrx_word' id='word_1_24' title='bbox 141 598 354 693; x_wconf 89' lang='lat' dir='ltr'>„populus</span> <span class='ocrx_word' id='word_1_25' title='bbox 381 600 536 669; x_wconf 89' lang='lat' dir='ltr'>invicem</span> <span class='ocrx_word' id='word_1_26' title='bbox 564 586 754 687; x_wconf 86' lang='lat' dir='ltr'>agnoscat,</span> <span class='ocrx_word' id='word_1_27' title='bbox 791 585 963 657; x_wconf 88' lang='lat' dir='ltr'>honorem</span> <span class='ocrx_word' id='word_1_28' title='bbox 993 586 1030 658; x_wconf 91' lang='lat'>&amp;</span> <span class='ocrx_word' id='word_1_29' title='bbox 1053 590 1449 687; x_wconf 85' lang='lat' dir='ltr'>obsequentiamsede·</span> <span class='ocrx_word' id='word_1_30' title='bbox 1533 673 1538 680; x_wconf 94' lang='lat'>.</span> 
     </span>
     <span class='ocr_line' id='line_1_5' title="bbox 142 679 1449 792; baseline -0.002 -26"><span class='ocrx_word' id='word_1_31' title='bbox 142 741 172 789; x_wconf 90' lang='lat'><strong>„</strong></span> <span class='ocrx_word' id='word_1_32' title='bbox 198 696 282 768; x_wconf 89' lang='lat' dir='ltr'>bere</span> <span class='ocrx_word' id='word_1_33' title='bbox 305 693 559 790; x_wconf 66' lang='lat' dir='ltr'>Magistrum,</span> <span class='ocrx_word' id='word_1_34' title='bbox 596 704 744 781; x_wconf 89' lang='lat' dir='ltr'>propter</span> <span class='ocrx_word' id='word_1_35' title='bbox 763 679 966 792; x_wconf 85' lang='lat' dir='ltr'>mandatum</span> <span class='ocrx_word' id='word_1_36' title='bbox 989 682 1082 776; x_wconf 91' lang='lat' dir='ltr'>Dei,</span> <span class='ocrx_word' id='word_1_37' title='bbox 1107 691 1167 779; x_wconf 90' lang='lat' dir='ltr'>qui</span> <span class='ocrx_word' id='word_1_38' title='bbox 1186 688 1370 784; x_wconf 89' lang='lat' dir='ltr'>potestatis</span> <span class='ocrx_word' id='word_1_39' title='bbox 1388 713 1449 764; x_wconf 89' lang='lat' dir='ltr'>or·</span> 
     </span>
     <span class='ocr_line' id='line_1_6' title="bbox 143 781 1526 884; baseline -0.004 -21"><span class='ocrx_word' id='word_1_40' title='bbox 143 840 172 884; x_wconf 91' lang='lat'>„</span> <span class='ocrx_word' id='word_1_41' title='bbox 197 790 343 864; x_wconf 85' lang='lat' dir='ltr'>dinariae</span> <span class='ocrx_word' id='word_1_42' title='bbox 378 803 631 879; x_wconf 88' lang='lat' dir='ltr'>contemptum</span> <span class='ocrx_word' id='word_1_43' title='bbox 669 803 741 851; x_wconf 89' lang='lat' dir='ltr'>non</span> <span class='ocrx_word' id='word_1_44' title='bbox 775 781 937 852; x_wconf 82' lang='lat' dir='ltr'>dimittat</span> <span class='ocrx_word' id='word_1_45' title='bbox 964 781 1192 877; x_wconf 87' lang='lat' dir='ltr'>impunitum.</span> <span class='ocrx_word' id='word_1_46' title='bbox 1243 789 1448 882; x_wconf 82' lang='lat' dir='ltr'>Praeterea,</span> <span class='ocrx_word' id='word_1_47' title='bbox 1519 858 1526 869; x_wconf 80' lang='grc'><em>,</em></span> 
     </span>
     <span class='ocr_line' id='line_1_7' title="bbox 145 875 1449 980; baseline 0 -23"><span class='ocrx_word' id='word_1_48' title='bbox 145 935 174 980; x_wconf 90' lang='grc'>,,</span> <span class='ocrx_word' id='word_1_49' title='bbox 225 911 312 958; x_wconf 91' lang='lat' dir='ltr'>uum</span> <span class='ocrx_word' id='word_1_50' title='bbox 341 887 406 977; x_wconf 88' lang='lat' dir='ltr'>ipsr</span> <span class='ocrx_word' id='word_1_51' title='bbox 435 881 612 955; x_wconf 80' lang='lat' dir='ltr'>beneficio</span> <span class='ocrx_word' id='word_1_52' title='bbox 641 876 713 950; x_wconf 90' lang='lat' dir='ltr'>Dei</span> <span class='ocrx_word' id='word_1_53' title='bbox 739 875 887 972; x_wconf 81' lang='lat' dir='ltr'>ptaestnt</span> <span class='ocrx_word' id='word_1_54' title='bbox 904 880 1010 951; x_wconf 89' lang='lat' dir='ltr'>etiam</span> <span class='ocrx_word' id='word_1_55' title='bbox 1030 877 1127 968; x_wconf 83' lang='lat' dir='ltr'>aliis,</span> <span class='ocrx_word' id='word_1_56' title='bbox 1155 881 1256 972; x_wconf 86' lang='lat' dir='ltr'>cujus</span> <span class='ocrx_word' id='word_1_57' title='bbox 1276 883 1345 955; x_wconf 89' lang='lat' dir='ltr'>hoc</span> <span class='ocrx_word' id='word_1_58' title='bbox 1364 882 1449 957; x_wconf 79' lang='lat' dir='ltr'>esset</span> 
     </span>
     <span class='ocr_line' id='line_1_8' title="bbox 145 908 1444 1076; baseline -0.002 -23"><span class='ocrx_word' id='word_1_59' title='bbox 145 1032 174 1076; x_wconf 90' lang='lat'>„</span> <span class='ocrx_word' id='word_1_60' title='bbox 198 908 411 1070; x_wconf 52' lang='lat' dir='ltr'>dementiae,</span> <span class='ocrx_word' id='word_1_61' title='bbox 438 980 587 1051; x_wconf 89' lang='lat' dir='ltr'>tolerare</span> <span class='ocrx_word' id='word_1_62' title='bbox 603 973 824 1064; x_wconf 59' lang='lat' dir='ltr'>dodonam,</span> <span class='ocrx_word' id='word_1_63' title='bbox 850 995 932 1070; x_wconf 84' lang='lat' dir='ltr'>quae</span> <span class='ocrx_word' id='word_1_64' title='bbox 952 976 1048 1049; x_wconf 81' lang='lat' dir='ltr'>frena</span> <span class='ocrx_word' id='word_1_65' title='bbox 1068 976 1198 1046; x_wconf 85' lang='lat' dir='ltr'>laxaret</span> <span class='ocrx_word' id='word_1_66' title='bbox 1222 977 1444 1070; x_wconf 87' lang='lat' dir='ltr'>hominibus,</span> 
     </span>
     <span class='ocr_line' id='line_1_9' title="bbox 145 1072 1449 1173; baseline -0.002 -22"><span class='ocrx_word' id='word_1_67' title='bbox 145 1127 174 1173; x_wconf 90' lang='lat'><strong>„</strong></span> <span class='ocrx_word' id='word_1_68' title='bbox 200 1077 238 1151; x_wconf 92' lang='lat'>&amp;</span> <span class='ocrx_word' id='word_1_69' title='bbox 255 1077 495 1151; x_wconf 80' lang='lat' dir='ltr'>obedientiam</span> <span class='ocrx_word' id='word_1_70' title='bbox 515 1073 740 1164; x_wconf 81' lang='lat' dir='ltr'>dissolveret,</span> <span class='ocrx_word' id='word_1_71' title='bbox 760 1074 796 1148; x_wconf 71' lang='grc' dir='ltr'>ἃ</span> <span class='ocrx_word' id='word_1_72' title='bbox 817 1073 992 1169; x_wconf 91' lang='lat' dir='ltr'>populum</span> <span class='ocrx_word' id='word_1_73' title='bbox 1012 1075 1048 1144; x_wconf 90' lang='lat' dir='ltr'>in</span> <span class='ocrx_word' id='word_1_74' title='bbox 1059 1072 1091 1146; x_wconf 91' lang='lat' dir='ltr'>sc</span> <span class='ocrx_word' id='word_1_75' title='bbox 1101 1073 1325 1146; x_wconf 84' lang='lat' dir='ltr'>concitaret?</span> <span class='ocrx_word' id='word_1_76' title='bbox 1346 1075 1449 1165; x_wconf 88' lang='lat' dir='ltr'>Quid</span> 
     </span>
     <span class='ocr_line' id='line_1_10' title="bbox 143 1170 1447 1271; baseline -0.004 -25"><span class='ocrx_word' id='word_1_77' title='bbox 143 1223 173 1271; x_wconf 87' lang='lat'>‚‚</span> <span class='ocrx_word' id='word_1_78' title='bbox 199 1175 303 1247; x_wconf 86' lang='lat' dir='ltr'>etiam</span> <span class='ocrx_word' id='word_1_79' title='bbox 323 1179 367 1250; x_wconf 90' lang='lat' dir='ltr'>de</span> <span class='ocrx_word' id='word_1_80' title='bbox 384 1173 562 1271; x_wconf 73' lang='lat' dir='ltr'>praeseslis</span> <span class='ocrx_word' id='word_1_81' title='bbox 580 1170 809 1246; x_wconf 89' lang='lat' dir='ltr'>ecclesrarum</span> <span class='ocrx_word' id='word_1_82' title='bbox 829 1170 1003 1262; x_wconf 82' lang='lat' dir='ltr'>sentiant,</span> <span class='ocrx_word' id='word_1_83' title='bbox 1021 1173 1054 1242; x_wconf 90' lang='lat' dir='ltr'>in</span> <span class='ocrx_word' id='word_1_84' title='bbox 1075 1171 1138 1243; x_wconf 92' lang='lat' dir='ltr'>suo</span> <span class='ocrx_word' id='word_1_85' title='bbox 1158 1173 1221 1242; x_wconf 91' lang='lat' dir='ltr'>illo</span> <span class='ocrx_word' id='word_1_86' title='bbox 1240 1173 1375 1266; x_wconf 91' lang='lat' dir='ltr'>scripto</span> <span class='ocrx_word' id='word_1_87' title='bbox 1395 1176 1447 1243; x_wconf 90' lang='lat' dir='ltr'>lu·</span> 
     </span>
     <span class='ocr_line' id='line_1_11' title="bbox 142 1269 1448 1369; baseline -0.002 -24"><span class='ocrx_word' id='word_1_88' title='bbox 142 1324 170 1369; x_wconf 89' lang='lat'>„</span> <span class='ocrx_word' id='word_1_89' title='bbox 200 1273 360 1346; x_wconf 90' lang='lat' dir='ltr'>culenter</span> <span class='ocrx_word' id='word_1_90' title='bbox 384 1272 596 1369; x_wconf 80' lang='lat' dir='ltr'>explicasse,</span> <span class='ocrx_word' id='word_1_91' title='bbox 631 1293 712 1341; x_wconf 90' lang='lat' dir='ltr'>nam</span> <span class='ocrx_word' id='word_1_92' title='bbox 739 1270 776 1343; x_wconf 76' lang='lat' dir='ltr'>dt</span> <span class='ocrx_word' id='word_1_93' title='bbox 794 1269 1024 1341; x_wconf 88' lang='lat' dir='ltr'>ecclesiastici</span> <span class='ocrx_word' id='word_1_94' title='bbox 1047 1270 1153 1342; x_wconf 86' lang='lat' dir='ltr'>status</span> <span class='ocrx_word' id='word_1_95' title='bbox 1172 1269 1448 1343; x_wconf 87' lang='lat' dir='ltr'>administratio·</span> 
     </span>
     <span class='ocr_line' id='line_1_12' title="bbox 140 1365 1488 1470; baseline -0.001 -28"><span class='ocrx_word' id='word_1_96' title='bbox 140 1422 168 1468; x_wconf 90' lang='lat'>„</span> <span class='ocrx_word' id='word_1_97' title='bbox 193 1393 276 1444; x_wconf 87' lang='lat' dir='ltr'>nem</span> <span class='ocrx_word' id='word_1_98' title='bbox 302 1372 499 1470; x_wconf 82' lang='lat' dir='ltr'>legitimam</span> <span class='ocrx_word' id='word_1_99' title='bbox 527 1370 592 1442; x_wconf 87' lang='lat' dir='ltr'>fibi</span> <span class='ocrx_word' id='word_1_100' title='bbox 618 1365 784 1463; x_wconf 87' lang='lat' dir='ltr'>probari,</span> <span class='ocrx_word' id='word_1_101' title='bbox 820 1367 857 1439; x_wconf 66' lang='grc' dir='ltr'>δί</span> <span class='ocrx_word' id='word_1_102' title='bbox 878 1367 1110 1440; x_wconf 85' lang='lat' dir='ltr'>ministerium</span> <span class='ocrx_word' id='word_1_103' title='bbox 1135 1369 1244 1442; x_wconf 87' lang='lat' dir='ltr'>Verbi</span> <span class='ocrx_word' id='word_1_104' title='bbox 1265 1369 1321 1442; x_wconf 91' lang='lat' dir='ltr'>seu</span> <span class='ocrx_word' id='word_1_105' title='bbox 1342 1390 1448 1465; x_wconf 90' lang='lat' dir='ltr'>pote·</span> <span class='ocrx_word' id='word_1_106' title='bbox 1486 1383 1488 1387; x_wconf 82' lang='grc'><strong>’</strong></span> 
     </span>
     <span class='ocr_line' id='line_1_13' title="bbox 138 1464 1488 1567; baseline 0 -27"><span class='ocrx_word' id='word_1_107' title='bbox 138 1522 168 1567; x_wconf 83' lang='grc'>,,</span> <span class='ocrx_word' id='word_1_108' title='bbox 196 1467 318 1543; x_wconf 91' lang='lat' dir='ltr'>statem</span> <span class='ocrx_word' id='word_1_109' title='bbox 346 1470 501 1542; x_wconf 90' lang='lat' dir='ltr'>clavium</span> <span class='ocrx_word' id='word_1_110' title='bbox 528 1467 668 1540; x_wconf 91' lang='lat' dir='ltr'>summo</span> <span class='ocrx_word' id='word_1_111' title='bbox 692 1465 725 1536; x_wconf 88' lang='lat' dir='ltr'>se</span> <span class='ocrx_word' id='word_1_112' title='bbox 744 1464 860 1536; x_wconf 87' lang='lat' dir='ltr'>studio</span> <span class='ocrx_word' id='word_1_113' title='bbox 879 1467 1051 1536; x_wconf 84' lang='lat' dir='ltr'>venerari.</span> <span class='ocrx_word' id='word_1_114' title='bbox 1098 1467 1307 1560; x_wconf 73' lang='lat' dir='ltr'>jamvero,</span> <span class='ocrx_word' id='word_1_115' title='bbox 1334 1490 1447 1564; x_wconf 88' lang='lat' dir='ltr'>quum</span> <span class='ocrx_word' id='word_1_116' title='bbox 1485 1535 1488 1540; x_wconf 88' lang='lat'>.</span> 
     </span>
     <span class='ocr_line' id='line_1_14' title="bbox 98 1561 1449 1665; baseline 0.001 -27"><span class='ocrx_word' id='word_1_117' title='bbox 98 1650 102 1656; x_wconf 27' lang='grc' dir='ltr'>Ι</span> <span class='ocrx_word' id='word_1_118' title='bbox 137 1619 168 1665; x_wconf 84' lang='lat'>‚,</span> <span class='ocrx_word' id='word_1_119' title='bbox 193 1565 274 1640; x_wconf 87' lang='lat' dir='ltr'>haec</span> <span class='ocrx_word' id='word_1_120' title='bbox 301 1567 339 1641; x_wconf 71' lang='grc' dir='ltr'>δε</span> <span class='ocrx_word' id='word_1_121' title='bbox 366 1567 401 1640; x_wconf 92' lang='lat' dir='ltr'>id</span> <span class='ocrx_word' id='word_1_122' title='bbox 429 1590 543 1664; x_wconf 87' lang='lat' dir='ltr'>genus</span> <span class='ocrx_word' id='word_1_123' title='bbox 568 1566 634 1638; x_wconf 86' lang='lat' dir='ltr'>alia</span> <span class='ocrx_word' id='word_1_124' title='bbox 653 1565 806 1636; x_wconf 86' lang='lat' dir='ltr'>crimina</span> <span class='ocrx_word' id='word_1_125' title='bbox 824 1564 861 1632; x_wconf 88' lang='lat' dir='ltr'>in</span> <span class='ocrx_word' id='word_1_126' title='bbox 878 1562 913 1634; x_wconf 88' lang='lat' dir='ltr'>se</span> <span class='ocrx_word' id='word_1_127' title='bbox 930 1561 1086 1635; x_wconf 87' lang='lat' dir='ltr'>conferri</span> <span class='ocrx_word' id='word_1_128' title='bbox 1104 1566 1270 1658; x_wconf 86' lang='lat' dir='ltr'>audiant,</span> <span class='ocrx_word' id='word_1_129' title='bbox 1303 1568 1339 1639; x_wconf 70' lang='grc' dir='ltr'>ὃ(</span> <span class='ocrx_word' id='word_1_130' title='bbox 1360 1564 1449 1639; x_wconf 81' lang='lat' dir='ltr'>verb</span> 
     </span>
     <span class='ocr_line' id='line_1_15' title="bbox 136 1660 1447 1764; baseline 0.002 -25"><span class='ocrx_word' id='word_1_131' title='bbox 136 1719 164 1764; x_wconf 83' lang='lat'>„</span> <span class='ocrx_word' id='word_1_132' title='bbox 189 1663 338 1762; x_wconf 71' lang='lat' dir='ltr'>publice</span> <span class='ocrx_word' id='word_1_133' title='bbox 365 1666 521 1739; x_wconf 90' lang='lat' dir='ltr'>multum</span> <span class='ocrx_word' id='word_1_134' title='bbox 550 1663 681 1736; x_wconf 89' lang='lat' dir='ltr'>reserre</span> <span class='ocrx_word' id='word_1_135' title='bbox 707 1681 860 1759; x_wconf 84' lang='lat' dir='ltr'>putent,</span> <span class='ocrx_word' id='word_1_136' title='bbox 895 1679 936 1733; x_wconf 91' lang='lat' dir='ltr'>ut</span> <span class='ocrx_word' id='word_1_137' title='bbox 962 1660 1051 1759; x_wconf 91' lang='lat' dir='ltr'>ipsr,</span> <span class='ocrx_word' id='word_1_138' title='bbox 1086 1681 1183 1736; x_wconf 89' lang='lat' dir='ltr'>tanta</span> <span class='ocrx_word' id='word_1_139' title='bbox 1202 1664 1447 1760; x_wconf 89' lang='lat' dir='ltr'>prudentia&amp;</span> 
     </span>
     <span class='ocr_line' id='line_1_16' title="bbox 134 1756 1448 1864; baseline 0.001 -28"><span class='ocrx_word' id='word_1_140' title='bbox 134 1818 163 1864; x_wconf 83' lang='lat'>‚‚</span> <span class='ocrx_word' id='word_1_141' title='bbox 186 1766 406 1838; x_wconf 81' lang='lat' dir='ltr'>authoritate</span> <span class='ocrx_word' id='word_1_142' title='bbox 423 1788 548 1862; x_wconf 86' lang='lat' dir='ltr'>reges,</span> <span class='ocrx_word' id='word_1_143' title='bbox 582 1759 718 1834; x_wconf 89' lang='lat' dir='ltr'>causam</span> <span class='ocrx_word' id='word_1_144' title='bbox 739 1759 922 1833; x_wconf 88' lang='lat' dir='ltr'>ordine&amp;</span> <span class='ocrx_word' id='word_1_145' title='bbox 942 1756 1037 1832; x_wconf 73' lang='lat' dir='ltr'>reete</span> <span class='ocrx_word' id='word_1_146' title='bbox 1057 1761 1283 1858; x_wconf 86' lang='lat' dir='ltr'>intelligant,</span> <span class='ocrx_word' id='word_1_147' title='bbox 1311 1759 1394 1835; x_wconf 79' lang='lat' dir='ltr'>idco</span> <span class='ocrx_word' id='word_1_148' title='bbox 1413 1762 1448 1837; x_wconf 83' lang='lat' dir='ltr'>se</span> 
     </span>
     <span class='ocr_line' id='line_1_17' title="bbox 133 1857 1482 1962; baseline 0.001 -28"><span class='ocrx_word' id='word_1_149' title='bbox 133 1915 163 1962; x_wconf 88' lang='lat'>„</span> <span class='ocrx_word' id='word_1_150' title='bbox 189 1863 367 1961; x_wconf 85' lang='lat' dir='ltr'>purgandi</span> <span class='ocrx_word' id='word_1_151' title='bbox 385 1861 437 1935; x_wconf 89' lang='lat' dir='ltr'>sui</span> <span class='ocrx_word' id='word_1_152' title='bbox 456 1859 581 1953; x_wconf 85' lang='lat' dir='ltr'>causa,</span> <span class='ocrx_word' id='word_1_153' title='bbox 607 1857 757 1932; x_wconf 76' lang='lat' dir='ltr'>voluisse</span> <span class='ocrx_word' id='word_1_154' title='bbox 775 1859 855 1930; x_wconf 87' lang='lat' dir='ltr'>haec</span> <span class='ocrx_word' id='word_1_155' title='bbox 871 1861 913 1928; x_wconf 88' lang='lat' dir='ltr'>ad</span> <span class='ocrx_word' id='word_1_156' title='bbox 933 1858 1027 1954; x_wconf 92' lang='lat' dir='ltr'>ipsos</span> <span class='ocrx_word' id='word_1_157' title='bbox 1046 1859 1284 1957; x_wconf 84' lang='lat' dir='ltr'>perscribere,</span> <span class='ocrx_word' id='word_1_158' title='bbox 1308 1860 1346 1935; x_wconf 73' lang='grc' dir='ltr'>ὅ(</span> <span class='ocrx_word' id='word_1_159' title='bbox 1365 1885 1447 1935; x_wconf 86' lang='lat' dir='ltr'>ora·</span> <span class='ocrx_word' id='word_1_160' title='bbox 1476 1945 1482 1956; x_wconf 43' lang='grc'>,</span> 
     </span>
     <span class='ocr_line' id='line_1_18' title="bbox 134 1953 1447 2060; baseline 0 -28"><span class='ocrx_word' id='word_1_161' title='bbox 134 2014 165 2060; x_wconf 86' lang='lat'>„</span> <span class='ocrx_word' id='word_1_162' title='bbox 190 1983 229 2034; x_wconf 91' lang='lat' dir='ltr'>re</span> <span class='ocrx_word' id='word_1_163' title='bbox 256 1962 474 2056; x_wconf 91' lang='lat' dir='ltr'>plurimum,</span> <span class='ocrx_word' id='word_1_164' title='bbox 508 1983 554 2033; x_wconf 90' lang='lat' dir='ltr'>ne</span> <span class='ocrx_word' id='word_1_165' title='bbox 581 1958 768 2032; x_wconf 89' lang='lat' dir='ltr'>calumniis</span> <span class='ocrx_word' id='word_1_166' title='bbox 797 1958 866 2030; x_wconf 91' lang='lat' dir='ltr'>illis</span> <span class='ocrx_word' id='word_1_167' title='bbox 892 1953 1000 2030; x_wconf 87' lang='lat' dir='ltr'>fidem</span> <span class='ocrx_word' id='word_1_168' title='bbox 1028 1957 1202 2052; x_wconf 87' lang='lat' dir='ltr'>habeant,</span> <span class='ocrx_word' id='word_1_169' title='bbox 1228 1983 1344 2059; x_wconf 90' lang='lat' dir='ltr'>neque</span> <span class='ocrx_word' id='word_1_170' title='bbox 1363 1959 1447 2033; x_wconf 89' lang='lat' dir='ltr'>fini·</span> 
     </span>
     <span class='ocr_line' id='line_1_19' title="bbox 135 2055 1446 2158; baseline 0.003 -28"><span class='ocrx_word' id='word_1_171' title='bbox 135 2108 164 2157; x_wconf 82' lang='lat'>,‚</span> <span class='ocrx_word' id='word_1_172' title='bbox 190 2055 295 2133; x_wconf 82' lang='lat' dir='ltr'>stram</span> <span class='ocrx_word' id='word_1_173' title='bbox 324 2060 432 2132; x_wconf 85' lang='lat' dir='ltr'>ullam</span> <span class='ocrx_word' id='word_1_174' title='bbox 460 2061 504 2132; x_wconf 91' lang='lat' dir='ltr'>de</span> <span class='ocrx_word' id='word_1_175' title='bbox 529 2057 562 2131; x_wconf 92' lang='lat' dir='ltr'>se</span> <span class='ocrx_word' id='word_1_176' title='bbox 589 2060 798 2153; x_wconf 84' lang='lat' dir='ltr'>concipiant</span> <span class='ocrx_word' id='word_1_177' title='bbox 826 2056 1059 2150; x_wconf 86' lang='lat' dir='ltr'>opinionem:</span> <span class='ocrx_word' id='word_1_178' title='bbox 1096 2058 1152 2130; x_wconf 89' lang='lat' dir='ltr'>sed</span> <span class='ocrx_word' id='word_1_179' title='bbox 1173 2062 1356 2158; x_wconf 83' lang='lat' dir='ltr'>integrum</span> <span class='ocrx_word' id='word_1_180' title='bbox 1375 2056 1446 2134; x_wconf 86' lang='lat' dir='ltr'>ser·</span> 
     </span>
     <span class='ocr_line' id='line_1_20' title="bbox 139 2153 1446 2251; baseline 0.004 -24"><span class='ocrx_word' id='word_1_181' title='bbox 139 2207 168 2248; x_wconf 90' lang='lat'>„</span> <span class='ocrx_word' id='word_1_182' title='bbox 192 2176 279 2227; x_wconf 86' lang='lat' dir='ltr'>vent</span> <span class='ocrx_word' id='word_1_183' title='bbox 294 2156 500 2247; x_wconf 86' lang='lat' dir='ltr'>judicium,</span> <span class='ocrx_word' id='word_1_184' title='bbox 516 2153 631 2222; x_wconf 88' lang='lat' dir='ltr'>donec</span> <span class='ocrx_word' id='word_1_185' title='bbox 650 2154 798 2245; x_wconf 78' lang='lat' dir='ltr'>publice</span> <span class='ocrx_word' id='word_1_186' title='bbox 817 2155 994 2246; x_wconf 87' lang='lat' dir='ltr'>purgandi</span> <span class='ocrx_word' id='word_1_187' title='bbox 1012 2153 1062 2225; x_wconf 90' lang='lat' dir='ltr'>sui</span> <span class='ocrx_word' id='word_1_188' title='bbox 1083 2156 1183 2230; x_wconf 91' lang='lat' dir='ltr'>locus</span> <span class='ocrx_word' id='word_1_189' title='bbox 1201 2160 1327 2251; x_wconf 89' lang='lat' dir='ltr'>detur,</span> <span class='ocrx_word' id='word_1_190' title='bbox 1346 2157 1446 2250; x_wconf 88' lang='lat' dir='ltr'>quod</span> 
     </span>
     <span class='ocr_line' id='line_1_21' title="bbox 60 2245 1447 2352; baseline 0.004 -31"><span class='ocrx_word' id='word_1_191' title='bbox 60 2314 63 2321; x_wconf 86' lang='lat'>.</span> <span class='ocrx_word' id='word_1_192' title='bbox 140 2297 170 2344; x_wconf 86' lang='lat'>„</span> <span class='ocrx_word' id='word_1_193' title='bbox 194 2248 372 2340; x_wconf 88' lang='lat' dir='ltr'>imprimis</span> <span class='ocrx_word' id='word_1_194' title='bbox 390 2247 551 2336; x_wconf 85' lang='lat' dir='ltr'>cupiant.</span> <span class='ocrx_word' id='word_1_195' title='bbox 577 2245 693 2314; x_wconf 86' lang='lat' dir='ltr'>Orare</span> <span class='ocrx_word' id='word_1_196' title='bbox 708 2249 838 2335; x_wconf 88' lang='lat' dir='ltr'>etiam,</span> <span class='ocrx_word' id='word_1_197' title='bbox 859 2248 1033 2321; x_wconf 85' lang='lat' dir='ltr'>Caesarem</span> <span class='ocrx_word' id='word_1_198' title='bbox 1051 2253 1261 2345; x_wconf 88' lang='lat' dir='ltr'>hortentur,</span> <span class='ocrx_word' id='word_1_199' title='bbox 1290 2277 1447 2352; x_wconf 90' lang='lat' dir='ltr'>utprop·</span> 
     </span>
     <span class='ocr_line' id='line_1_22' title="bbox 140 2337 1446 2442; baseline -0.002 -27"><span class='ocrx_word' id='word_1_200' title='bbox 140 2396 169 2441; x_wconf 86' lang='lat'>,‚</span> <span class='ocrx_word' id='word_1_201' title='bbox 196 2359 252 2416; x_wconf 88' lang='lat' dir='ltr'>ter</span> <span class='ocrx_word' id='word_1_202' title='bbox 269 2338 389 2414; x_wconf 80' lang='lat' dir='ltr'>causac</span> <span class='ocrx_word' id='word_1_203' title='bbox 418 2337 702 2434; x_wconf 84' lang='lat' dir='ltr'>magnitudinem</span> <span class='ocrx_word' id='word_1_204' title='bbox 729 2343 766 2413; x_wconf 73' lang='grc' dir='ltr'>δι</span> <span class='ocrx_word' id='word_1_205' title='bbox 788 2341 960 2415; x_wconf 84' lang='lat' dir='ltr'>Ecclefiae</span> <span class='ocrx_word' id='word_1_206' title='bbox 981 2351 1093 2423; x_wconf 85' lang='lat' dir='ltr'>totius</span> <span class='ocrx_word' id='word_1_207' title='bbox 1113 2353 1330 2442; x_wconf 80' lang='lat' dir='ltr'>utilitatem,</span> <span class='ocrx_word' id='word_1_208' title='bbox 1356 2377 1446 2424; x_wconf 77' lang='lat' dir='ltr'>con.</span> 
     </span>
     <span class='ocr_line' id='line_1_23' title="bbox 139 2433 1447 2542; baseline 0.005 -29"><span class='ocrx_word' id='word_1_209' title='bbox 139 2444 171 2539; x_wconf 72' lang='lat'>&#39;„</span> <span class='ocrx_word' id='word_1_210' title='bbox 194 2439 319 2513; x_wconf 91' lang='lat' dir='ltr'>cilium</span> <span class='ocrx_word' id='word_1_211' title='bbox 339 2441 440 2538; x_wconf 79' lang='lat' dir='ltr'>pium</span> <span class='ocrx_word' id='word_1_212' title='bbox 459 2458 565 2533; x_wconf 87' lang='lat' dir='ltr'>atque</span> <span class='ocrx_word' id='word_1_213' title='bbox 583 2433 735 2509; x_wconf 89' lang='lat' dir='ltr'>liberum</span> <span class='ocrx_word' id='word_1_214' title='bbox 755 2439 792 2509; x_wconf 89' lang='lat' dir='ltr'>in</span> <span class='ocrx_word' id='word_1_215' title='bbox 813 2437 1027 2535; x_wconf 81' lang='lat' dir='ltr'>Germania,</span> <span class='ocrx_word' id='word_1_216' title='bbox 1053 2447 1174 2539; x_wconf 91' lang='lat' dir='ltr'>primo</span> <span class='ocrx_word' id='word_1_217' title='bbox 1192 2469 1338 2542; x_wconf 79' lang='lat' dir='ltr'>quoque</span> <span class='ocrx_word' id='word_1_218' title='bbox 1354 2468 1447 2522; x_wconf 84' lang='lat' dir='ltr'>tem·</span> 
     </span>
     <span class='ocr_line' id='line_1_24' title="bbox 139 2535 1448 2638; baseline 0.008 -30"><span class='ocrx_word' id='word_1_219' title='bbox 139 2592 169 2638; x_wconf 87' lang='lat'>„</span> <span class='ocrx_word' id='word_1_220' title='bbox 195 2561 283 2633; x_wconf 90' lang='lat' dir='ltr'>pore</span> <span class='ocrx_word' id='word_1_221' title='bbox 309 2557 441 2633; x_wconf 86' lang='lat' dir='ltr'>cogat:</span> <span class='ocrx_word' id='word_1_222' title='bbox 475 2558 591 2631; x_wconf 90' lang='lat' dir='ltr'>neque</span> <span class='ocrx_word' id='word_1_223' title='bbox 615 2535 759 2631; x_wconf 85' lang='lat' dir='ltr'>gravius</span> <span class='ocrx_word' id='word_1_224' title='bbox 787 2538 872 2631; x_wconf 89' lang='lat' dir='ltr'>quid</span> <span class='ocrx_word' id='word_1_225' title='bbox 891 2556 1016 2610; x_wconf 92' lang='lat' dir='ltr'>contra</span> <span class='ocrx_word' id='word_1_226' title='bbox 1033 2539 1067 2611; x_wconf 89' lang='lat' dir='ltr'>se</span> <span class='ocrx_word' id='word_1_227' title='bbox 1086 2538 1235 2633; x_wconf 89' lang='lat' dir='ltr'>statuat,</span> <span class='ocrx_word' id='word_1_228' title='bbox 1260 2542 1377 2616; x_wconf 90' lang='lat' dir='ltr'>donec</span> <span class='ocrx_word' id='word_1_229' title='bbox 1396 2547 1448 2620; x_wconf 92' lang='lat' dir='ltr'>le·</span> 
     </span>
     <span class='ocr_line' id='line_1_25' title="bbox 139 2631 1451 2742; baseline 0.005 -35"><span class='ocrx_word' id='word_1_230' title='bbox 139 2691 169 2735; x_wconf 87' lang='lat'>„</span> <span class='ocrx_word' id='word_1_231' title='bbox 223 2635 323 2708; x_wconf 88' lang='lat' dir='ltr'>itime</span> <span class='ocrx_word' id='word_1_232' title='bbox 340 2634 534 2731; x_wconf 78' lang='lat' dir='ltr'>disceptata</span> <span class='ocrx_word' id='word_1_233' title='bbox 553 2657 607 2707; x_wconf 89' lang='lat' dir='ltr'>res</span> <span class='ocrx_word' id='word_1_234' title='bbox 624 2631 731 2706; x_wconf 90' lang='lat' dir='ltr'>fuerit</span> <span class='ocrx_word' id='word_1_235' title='bbox 750 2652 858 2731; x_wconf 90' lang='lat' dir='ltr'>atque</span> <span class='ocrx_word' id='word_1_236' title='bbox 876 2632 1035 2710; x_wconf 88' lang='lat' dir='ltr'>definita.</span> <span class='ocrx_word' id='word_1_237' title='bbox 1084 2636 1451 2742; x_wconf 82' lang='lat' dir='ltr'>Nam&amp;hucusque</span> 
     </span>
     <span class='ocr_line' id='line_1_26' title="bbox 137 2657 1449 2836; baseline 0.004 -29"><span class='ocrx_word' id='word_1_238' title='bbox 137 2789 167 2836; x_wconf 89' lang='lat'>„</span> <span class='ocrx_word' id='word_1_239' title='bbox 190 2657 329 2830; x_wconf 42' lang='lat' dir='ltr'>{emper</span> <span class='ocrx_word' id='word_1_240' title='bbox 354 2729 516 2805; x_wconf 86' lang='lat' dir='ltr'>officium</span> <span class='ocrx_word' id='word_1_241' title='bbox 545 2729 578 2802; x_wconf 88' lang='lat' dir='ltr'>se</span> <span class='ocrx_word' id='word_1_242' title='bbox 604 2731 806 2829; x_wconf 83' lang='lat' dir='ltr'>praellitiffe</span> <span class='ocrx_word' id='word_1_243' title='bbox 832 2732 946 2805; x_wconf 51' lang='lat' dir='ltr'>suum*</span> <span class='ocrx_word' id='word_1_244' title='bbox 959 2734 1192 2831; x_wconf 77' lang='lat' dir='ltr'>Reipublicae</span> <span class='ocrx_word' id='word_1_245' title='bbox 1208 2741 1380 2835; x_wconf 89' lang='lat' dir='ltr'>Imperii,</span> <span class='ocrx_word' id='word_1_246' title='bbox 1409 2747 1449 2824; x_wconf 74' lang='lat' dir='ltr'>dt</span> 
     </span>
     <span class='ocr_line' id='line_1_27' title="bbox 136 2829 1452 2934; baseline 0.006 -28"><span class='ocrx_word' id='word_1_247' title='bbox 136 2888 166 2934; x_wconf 82' lang='lat'>„</span> <span class='ocrx_word' id='word_1_248' title='bbox 190 2855 287 2907; x_wconf 90' lang='lat' dir='ltr'>nunc</span> <span class='ocrx_word' id='word_1_249' title='bbox 314 2829 513 2904; x_wconf 74' lang='lat' dir='ltr'>dodlrinam</span> <span class='ocrx_word' id='word_1_250' title='bbox 540 2829 641 2903; x_wconf 85' lang='lat' dir='ltr'>illam</span> <span class='ocrx_word' id='word_1_251' title='bbox 670 2830 856 2923; x_wconf 89' lang='lat' dir='ltr'>profiteri,</span> <span class='ocrx_word' id='word_1_252' title='bbox 892 2855 1008 2927; x_wconf 90' lang='lat' dir='ltr'>eoque</span> <span class='ocrx_word' id='word_1_253' title='bbox 1033 2838 1181 2909; x_wconf 87' lang='lat' dir='ltr'>nomine</span> <span class='ocrx_word' id='word_1_254' title='bbox 1202 2841 1239 2912; x_wconf 89' lang='lat' dir='ltr'>in</span> <span class='ocrx_word' id='word_1_255' title='bbox 1257 2839 1452 2920; x_wconf 81' lang='lat' dir='ltr'>discrimen</span> 
     </span>
     <span class='ocr_line' id='line_1_28' title="bbox 138 2925 1446 3035; baseline 0.01 -32"><span class='ocrx_word' id='word_1_256' title='bbox 138 2986 167 3032; x_wconf 86' lang='lat'><strong>„</strong></span> <span class='ocrx_word' id='word_1_257' title='bbox 192 2929 341 3023; x_wconf 73' lang='lat' dir='ltr'>vocari,</span> <span class='ocrx_word' id='word_1_258' title='bbox 354 2929 451 3004; x_wconf 90' lang='lat' dir='ltr'>nulla</span> <span class='ocrx_word' id='word_1_259' title='bbox 469 2925 568 3002; x_wconf 75' lang='lat' dir='ltr'>certe</span> <span class='ocrx_word' id='word_1_260' title='bbox 586 2928 785 3023; x_wconf 88' lang='lat' dir='ltr'>cupiditate</span> <span class='ocrx_word' id='word_1_261' title='bbox 804 2930 859 3005; x_wconf 88' lang='lat' dir='ltr'>vel</span> <span class='ocrx_word' id='word_1_262' title='bbox 876 2935 1082 3029; x_wconf 88' lang='lat' dir='ltr'>protervia,</span> <span class='ocrx_word' id='word_1_263' title='bbox 1101 2934 1158 3008; x_wconf 85' lang='lat' dir='ltr'>sed</span> <span class='ocrx_word' id='word_1_264' title='bbox 1178 2958 1329 3035; x_wconf 89' lang='lat' dir='ltr'>propter</span> <span class='ocrx_word' id='word_1_265' title='bbox 1345 2965 1446 3016; x_wconf 87' lang='lat' dir='ltr'>man·</span> 
     </span>
     <span class='ocr_line' id='line_1_29' title="bbox 137 3026 1447 3138; baseline 0.006 -34"><span class='ocrx_word' id='word_1_266' title='bbox 137 3084 167 3131; x_wconf 87' lang='lat'>„</span> <span class='ocrx_word' id='word_1_267' title='bbox 190 3028 315 3104; x_wconf 88' lang='lat' dir='ltr'>datum</span> <span class='ocrx_word' id='word_1_268' title='bbox 334 3047 441 3124; x_wconf 88' lang='lat' dir='ltr'>atque</span> <span class='ocrx_word' id='word_1_269' title='bbox 458 3026 610 3124; x_wconf 81' lang='lat' dir='ltr'>gloriam</span> <span class='ocrx_word' id='word_1_270' title='bbox 630 3029 715 3100; x_wconf 90' lang='lat' dir='ltr'>Dei.</span> <span class='ocrx_word' id='word_1_271' title='bbox 752 3027 843 3122; x_wconf 81' lang='lat' dir='ltr'>Quo</span> <span class='ocrx_word' id='word_1_272' title='bbox 861 3031 972 3128; x_wconf 87' lang='lat' dir='ltr'>magis</span> <span class='ocrx_word' id='word_1_273' title='bbox 990 3035 1095 3105; x_wconf 87' lang='lat' dir='ltr'>etiam</span> <span class='ocrx_word' id='word_1_274' title='bbox 1116 3032 1273 3130; x_wconf 89' lang='lat' dir='ltr'>sperare,</span> <span class='ocrx_word' id='word_1_275' title='bbox 1296 3062 1369 3111; x_wconf 91' lang='lat' dir='ltr'>non</span> <span class='ocrx_word' id='word_1_276' title='bbox 1388 3042 1447 3138; x_wconf 89' lang='lat' dir='ltr'>ip·</span> 
     </span>
     <span class='ocr_line' id='line_1_30' title="bbox 138 3123 1522 3231; baseline 0.007 -31"><span class='ocrx_word' id='word_1_277' title='bbox 138 3183 166 3226; x_wconf 81' lang='lat'>„</span> <span class='ocrx_word' id='word_1_278' title='bbox 191 3127 244 3201; x_wconf 89' lang='lat' dir='ltr'>sos</span> <span class='ocrx_word' id='word_1_279' title='bbox 263 3123 332 3199; x_wconf 82' lang='lat' dir='ltr'>effe</span> <span class='ocrx_word' id='word_1_280' title='bbox 349 3125 536 3200; x_wconf 82' lang='lat' dir='ltr'>defuturos</span> <span class='ocrx_word' id='word_1_281' title='bbox 553 3123 620 3199; x_wconf 86' lang='lat' dir='ltr'>suis</span> <span class='ocrx_word' id='word_1_282' title='bbox 641 3127 819 3224; x_wconf 89' lang='lat' dir='ltr'>precibus.</span> <span class='ocrx_word' id='word_1_283' title='bbox 860 3128 959 3201; x_wconf 90' lang='lat' dir='ltr'>Nam</span> <span class='ocrx_word' id='word_1_284' title='bbox 980 3131 1015 3201; x_wconf 90' lang='lat' dir='ltr'>in</span> <span class='ocrx_word' id='word_1_285' title='bbox 1034 3132 1167 3204; x_wconf 88' lang='lat' dir='ltr'>summa</span> <span class='ocrx_word' id='word_1_286' title='bbox 1184 3134 1290 3208; x_wconf 86' lang='lat' dir='ltr'>laude</span> <span class='ocrx_word' id='word_1_287' title='bbox 1305 3160 1443 3231; x_wconf 88' lang='lat' dir='ltr'>ponen·</span> <span class='ocrx_word' id='word_1_288' title='bbox 1519 3150 1522 3156; x_wconf 84' lang='grc'><strong>’</strong></span> 
     </span>
    </p>
   </div>
   <div class='ocr_carea' id='block_1_2' title="bbox 137 3222 1562 3326">
    <p class='ocr_par' dir='ltr' id='par_1_2' title="bbox 137 3222 1562 3326">
     <span class='ocr_line' id='line_1_31' title="bbox 137 3222 1562 3326; baseline 0.004 -28"><span class='ocrx_word' id='word_1_289' title='bbox 137 3281 166 3326; x_wconf 84' lang='lat'>„</span> <span class='ocrx_word' id='word_1_290' title='bbox 192 3226 300 3318; x_wconf 87' lang='lat' dir='ltr'>dum,</span> <span class='ocrx_word' id='word_1_291' title='bbox 328 3222 352 3297; x_wconf 88' lang='lat' dir='ltr'>sr</span> <span class='ocrx_word' id='word_1_292' title='bbox 371 3225 516 3322; x_wconf 86' lang='lat' dir='ltr'>quidem</span> <span class='ocrx_word' id='word_1_293' title='bbox 537 3225 607 3297; x_wconf 93' lang='lat' dir='ltr'>hoc</span> <span class='ocrx_word' id='word_1_294' title='bbox 624 3226 842 3298; x_wconf 83' lang='lat' dir='ltr'>authoritate</span> <span class='ocrx_word' id='word_1_295' title='bbox 860 3225 920 3298; x_wconf 86' lang='lat' dir='ltr'>sua</span> <span class='ocrx_word' id='word_1_296' title='bbox 936 3226 1148 3322; x_wconf 83' lang='lat' dir='ltr'>perficiant,</span> <span class='ocrx_word' id='word_1_297' title='bbox 1172 3231 1208 3303; x_wconf 70' lang='grc' dir='ltr'>ὃ(</span> <span class='ocrx_word' id='word_1_298' title='bbox 1229 3231 1447 3305; x_wconf 85' lang='lat' dir='ltr'>intercessio·</span> <span class='ocrx_word' id='word_1_299' title='bbox 1560 3238 1562 3243; x_wconf 79' lang='grc'>’</span> 
     </span>
    </p>
   </div>
   <div class='ocr_carea' id='block_1_3' title="bbox 137 3321 1455 4012">
    <p class='ocr_par' dir='ltr' id='par_1_3' title="bbox 137 3321 1455 3424">
     <span class='ocr_line' id='line_1_32' title="bbox 137 3321 1455 3424; baseline 0.007 -27"><span class='ocrx_word' id='word_1_300' title='bbox 137 3377 166 3424; x_wconf 83' lang='lat'>„</span> <span class='ocrx_word' id='word_1_301' title='bbox 191 3346 259 3417; x_wconf 85' lang='lat' dir='ltr'>ue,</span> <span class='ocrx_word' id='word_1_302' title='bbox 277 3346 321 3396; x_wconf 91' lang='lat' dir='ltr'>ne</span> <span class='ocrx_word' id='word_1_303' title='bbox 339 3322 434 3396; x_wconf 88' lang='lat' dir='ltr'>ferro</span> <span class='ocrx_word' id='word_1_304' title='bbox 451 3321 663 3397; x_wconf 87' lang='lat' dir='ltr'>decidantur</span> <span class='ocrx_word' id='word_1_305' title='bbox 681 3322 716 3393; x_wconf 73' lang='lat' dir='ltr'>St</span> <span class='ocrx_word' id='word_1_306' title='bbox 736 3324 840 3393; x_wconf 91' lang='lat' dir='ltr'>armis</span> <span class='ocrx_word' id='word_1_307' title='bbox 860 3324 914 3393; x_wconf 81' lang='lat' dir='ltr'>hac</span> <span class='ocrx_word' id='word_1_308' title='bbox 935 3322 1212 3418; x_wconf 80' lang='lat' dir='ltr'>controversiae,</span> <span class='ocrx_word' id='word_1_309' title='bbox 1232 3326 1455 3408; x_wconf 70' lang='lat' dir='ltr'>fedrestam</span> 
     </span>
    </p>

    <p class='ocr_par' dir='ltr' id='par_1_4' title="bbox 142 3418 1447 3526">
     <span class='ocr_line' id='line_1_33' title="bbox 142 3418 1447 3526; baseline 0.005 -30"><span class='ocrx_word' id='word_1_310' title='bbox 142 3473 170 3517; x_wconf 94' lang='lat'>„</span> <span class='ocrx_word' id='word_1_311' title='bbox 193 3419 255 3497; x_wconf 85' lang='lat' dir='ltr'>fiat</span> <span class='ocrx_word' id='word_1_312' title='bbox 277 3421 482 3519; x_wconf 88' lang='lat' dir='ltr'>judicium,</span> <span class='ocrx_word' id='word_1_313' title='bbox 517 3420 555 3496; x_wconf 90' lang='lat'>&amp;</span> <span class='ocrx_word' id='word_1_314' title='bbox 583 3420 747 3494; x_wconf 88' lang='lat' dir='ltr'>sanentur</span> <span class='ocrx_word' id='word_1_315' title='bbox 763 3418 903 3510; x_wconf 92' lang='lat' dir='ltr'>morbi,</span> <span class='ocrx_word' id='word_1_316' title='bbox 930 3422 966 3495; x_wconf 72' lang='grc' dir='ltr'>ὃ(</span> <span class='ocrx_word' id='word_1_317' title='bbox 988 3419 1161 3496; x_wconf 82' lang='lat' dir='ltr'>Ecclesiae</span> <span class='ocrx_word' id='word_1_318' title='bbox 1181 3428 1447 3526; x_wconf 87' lang='lat' dir='ltr'>concilientur,</span> 
     </span>
    </p>

    <p class='ocr_par' dir='ltr' id='par_1_5' title="bbox 143 3514 1446 3623">
     <span class='ocr_line' id='line_1_34' title="bbox 143 3514 1446 3623; baseline 0.01 -32"><span class='ocrx_word' id='word_1_319' title='bbox 143 3569 171 3615; x_wconf 93' lang='lat'>„</span> <span class='ocrx_word' id='word_1_320' title='bbox 197 3518 232 3592; x_wconf 72' lang='grc' dir='ltr'>δι</span> <span class='ocrx_word' id='word_1_321' title='bbox 254 3521 307 3593; x_wconf 89' lang='lat' dir='ltr'>vis</span> <span class='ocrx_word' id='word_1_322' title='bbox 332 3521 427 3594; x_wconf 90' lang='lat' dir='ltr'>nulla</span> <span class='ocrx_word' id='word_1_323' title='bbox 446 3519 511 3594; x_wconf 90' lang='lat' dir='ltr'>fiat</span> <span class='ocrx_word' id='word_1_324' title='bbox 526 3519 715 3593; x_wconf 90' lang='lat' dir='ltr'>hominum</span> <span class='ocrx_word' id='word_1_325' title='bbox 735 3514 982 3593; x_wconf 86' lang='lat' dir='ltr'>conscientiis:</span> <span class='ocrx_word' id='word_1_326' title='bbox 1012 3517 1216 3618; x_wconf 75' lang='lat' dir='ltr'>postremo,</span> <span class='ocrx_word' id='word_1_327' title='bbox 1243 3524 1330 3598; x_wconf 78' lang='lat' dir='ltr'>fide</span> <span class='ocrx_word' id='word_1_328' title='bbox 1349 3529 1446 3623; x_wconf 90' lang='lat' dir='ltr'>ipso·</span> 
     </span>
    </p>

    <p class='ocr_par' dir='ltr' id='par_1_6' title="bbox 142 3616 1448 3726">
     <span class='ocr_line' id='line_1_35' title="bbox 142 3616 1448 3726; baseline 0.015 -43"><span class='ocrx_word' id='word_1_329' title='bbox 142 3667 171 3713; x_wconf 84' lang='lat'>,‚</span> <span class='ocrx_word' id='word_1_330' title='bbox 198 3636 275 3686; x_wconf 89' lang='lat' dir='ltr'>rum</span> <span class='ocrx_word' id='word_1_331' title='bbox 300 3641 385 3714; x_wconf 85' lang='lat' dir='ltr'>erga</span> <span class='ocrx_word' id='word_1_332' title='bbox 411 3616 444 3690; x_wconf 88' lang='lat' dir='ltr'>se</span> <span class='ocrx_word' id='word_1_333' title='bbox 471 3618 659 3693; x_wconf 88' lang='lat' dir='ltr'>voluntate</span> <span class='ocrx_word' id='word_1_334' title='bbox 687 3639 749 3713; x_wconf 89' lang='lat' dir='ltr'>per</span> <span class='ocrx_word' id='word_1_335' title='bbox 776 3617 891 3688; x_wconf 89' lang='lat' dir='ltr'>literas</span> <span class='ocrx_word' id='word_1_336' title='bbox 917 3619 1160 3717; x_wconf 84' lang='lat' dir='ltr'>cognoscant,</span> <span class='ocrx_word' id='word_1_337' title='bbox 1196 3621 1305 3726; x_wconf 73' lang='lat' dir='ltr'>longe</span> <span class='ocrx_word' id='word_1_338' title='bbox 1323 3627 1361 3698; x_wconf 90' lang='lat' dir='ltr'>id</span> <span class='ocrx_word' id='word_1_339' title='bbox 1380 3628 1448 3702; x_wconf 82' lang='lat' dir='ltr'>fibi</span> 
     </span>
    </p>

    <p class='ocr_par' dir='ltr' id='par_1_7' title="bbox 142 3706 575 3813">
     <span class='ocr_line' id='line_1_36' title="bbox 142 3706 575 3813; baseline 0.018 -33"><span class='ocrx_word' id='word_1_340' title='bbox 142 3767 172 3813; x_wconf 81' lang='lat'><strong>„</strong></span> <span class='ocrx_word' id='word_1_341' title='bbox 198 3706 276 3783; x_wconf 87' lang='lat' dir='ltr'>fore</span> <span class='ocrx_word' id='word_1_342' title='bbox 320 3711 575 3807; x_wconf 87' lang='lat' dir='ltr'>ratiffimum.„</span> 
     </span>
    </p>

    <p class='ocr_par' dir='ltr' id='par_1_8' title="bbox 144 3808 1451 4012">
     <span class='ocr_line' id='line_1_37' title="bbox 144 3808 1451 3989; baseline 0.005 -100"><span class='ocrx_word' id='word_1_343' title='bbox 144 3884 148 3889; x_wconf 88' lang='lat'>.</span> <span class='ocrx_word' id='word_1_344' title='bbox 191 3820 223 3904; x_wconf 67' lang='grc' dir='ltr'>ς.</span> <span class='ocrx_word' id='word_1_345' title='bbox 241 3808 280 3885; x_wconf 91' lang='lat' dir='ltr'>X</span> <span class='ocrx_word' id='word_1_346' title='bbox 328 3808 418 3887; x_wconf 89' lang='lat' dir='ltr'>V11.</span> <span class='ocrx_word' id='word_1_347' title='bbox 450 3813 529 3888; x_wconf 83' lang='lat' dir='ltr'>Has</span> <span class='ocrx_word' id='word_1_348' title='bbox 554 3814 675 3892; x_wconf 89' lang='lat' dir='ltr'>literas</span> <span class='ocrx_word' id='word_1_349' title='bbox 700 3812 979 3988; x_wconf 55' lang='lat' dir='ltr'>Fopgemtorum</span> <span class='ocrx_word' id='word_1_350' title='bbox 1006 3815 1051 3892; x_wconf 89' lang='lat' dir='ltr'>ad</span> <span class='ocrx_word' id='word_1_351' title='bbox 1077 3818 1223 3920; x_wconf 84' lang='lat' dir='ltr'>Regem</span> <span class='ocrx_word' id='word_1_352' title='bbox 1242 3820 1373 3989; x_wconf 37' lang='lat' dir='ltr'>detullizt</span> <span class='ocrx_word' id='word_1_353' title='bbox 1392 3823 1451 3896; x_wconf 86' lang='lat' dir='ltr'>vir</span> 
     </span>
     <span class='ocr_line' id='line_1_38' title="bbox 819 3933 1451 4012; baseline 0.016 -29"><span class='ocrx_word' id='word_1_354' title='bbox 819 3933 837 4012; x_wconf 60' lang='grc' dir='ltr'><strong>ς</strong></span> <span class='ocrx_word' id='word_1_355' title='bbox 1219 3964 1221 3968; x_wconf 32' lang='lat'><em>⁴</em></span> <span class='ocrx_word' id='word_1_356' title='bbox 1362 3938 1451 3993; x_wconf 79' lang='lat' dir='ltr'>oue·</span> 
     </span>
    </p>
   </div>
   <div class='ocr_carea' id='block_1_4' title="bbox 0 0 1666 4456">
    <p class='ocr_par' dir='ltr' id='par_1_9' title="bbox 0 0 1666 4456">
     <span class='ocr_line' id='line_1_39' title="bbox 0 0 1666 4456; baseline 0 4"><span class='ocrx_word' id='word_1_357' title='bbox 0 0 1666 4456; x_wconf 95' lang='lat' dir='ltr'> </span> 
     </span>
    </p>
   </div>
  </div>
 </body>
</html>
