3322 4456
225 312 275 409 8⁸4
438 299 831 386 alts‘nortln'
861 300 1305 383 EVA'NGELII
1352 311 1534 408 Amyth·

224 481 252 524 „
278 430 328 503 tia
349 429 495 524 'stupens
521 447 628 523 atque
652 432 858 515 commota,
891 416 1128 594 m'artlprieque
1146 429 1384 505 conturbandi
1405 432 1525 506 locum

224 578 252 620 „
279 525 437 623 undique
464 526 502 600 δι
527 523 749 598 occnlionem
777 540 945 616 captam,
987 520 1044 595 asti
1059 525 1203 621 Judicio
1217 526 1345 626 jubet:
1374 529 1526 625 praesen·

225 642 352 716 „tem
376 622 516 718 judicat
543 639 837 718 praetermorem
865 637 972 716 atque
999 620 1137 719 legem,
1169 647 1238 720 qua
1256 635 1314 715 (ut
1330 649 1426 699 nunc
1445 627 1527 719 qui·

224 769 254 813 „
279 720 358 790 dem
377 718 443 805 est)
462 719 678 810 cavebatur,
711 739 789 789 reos
807 739 929 788 omnes
947 717 1078 814 quibua
1094 723 1221 795 mortis
1237 721 1456 821 supplicium
1476 725 1524 794 ir·

224 866 253 909 „
279 838 487 912 rogaretur,
520 818 562 890 ad
589 811 820 912 phylaeistam
845 811 947 908 rejici
965 837 1146 912 oportere.
1196 822 1390 894 Alexander
1406 841 1525 893 autem

224 963 252 1007 „
278 914 397 986 audita
422 913 466 986 de
493 912 526 986 se
549 913 662 1009 palam
680 905 775 981 dicba
791 906 982 1000 sententia,
1009 915 1179 1008 majorem
1199 916 1318 990 adhuc
1335 939 1439 1013 quam
1459 940 1526 989 un·

223 1062 251 1105 ‚,
279 1033 382 1105 quam
402 1033 523 1102 antea,
550 1007 797 1080 fortitudinem
817 1005 927 1075 animi
946 1028 1020 1098 prae
1037 1007 1073 1079 se
1091 1009 1184 1083 ferre
1201 1014 1402 1087 videbatur.
1435 1015 1524 1086 Bae·

221 1160 251 1203 „
276 1110 392 1200 viter,
418 1106 540 1180 infulis
557 1101 722 1175 omnibus
739 1098 1013 1172 sacerdotalibus
1032 1102 1104 1173 ritu
1123 1107 1305 1200 Papistico
1323 1110 1527 1187 Alexander

222 1259 250 1301 ,‚
276 1227 536 1303 exauguratur:
567 1197 744 1270 filentium
765 1194 866 1266 facit.
917 1194 1119 1269 Verebatur
1137 1203 1306 1274 nimirum
1326 1230 1370 1277 ne
1390 1207 1526 1304 fingul-

221 1359 249 1401 „
276 1323 333 1374 tus
349 1302 434 1373 effet
449 1302 484 1370 in
500 1298 679 1384 sermone,
699 1289 1049 1387 &quemadmodum
1063 1294 1096 1367 ei
1112 1293 1224 1369 fuerat
1240 1298 1436 1393 indidtum,
1456 1307 1526 1377 lin·

219 1421 346 1495 „gua
366 1397 428 1467 fibi
448 1390 718 1487 praecideretur.
754 1389 930 1463 Execrata
946 1389 1149 1487 linguarum
1167 1396 1450 1492 exputandarum
1470 1401 1526 1472 in·

220 1550 249 1593 ‚,
275 1493 398 1565 ventio
426 1492 497 1564 hoc
525 1491 680 1586 primum
707 1511 801 1562 anno
827 1488 948 1560 invehi
975 1490 1011 1562 &
1030 1488 1067 1561 in
1086 1489 1380 1569 consuetudinem
1399 1496 1526 1571 induci

220 1647 249 1687 ,‚
275 1610 450 1685 coeperat.
501 1592 557 1661 Ac
580 1587 643 1660 et'fi
663 1609 708 1659 ne
726 1583 874 1658 verbum
894 1584 955 1657 ille
973 1585 1142 1680 quidem,
1168 1593 1346 1666 tamen&
1365 1593 1468 1689 gestu
1487 1597 1527 1671 &

218 1743 248 1787 „
274 1688 401 1778 vultu,
438 1688 474 1760 ὅ(
503 1683 688 1778 interjebia
714 1682 928 1778 plerumque
952 1679 1148 1758 subrifione
1174 1684 1281 1759 facile
1324 1710 1405 1761 uam
1425 1693 1527 1786 parvi

219 1785 492 1884 „ceremonias
521 1779 767 1878 hujuscemodi
794 1781 987 1875 penderet,
1041 1782 1154 1881 opulo
1172 1783 1311 1859 declara
1339 1804 1388 1860 at.
1437 1787 1526 1862 San·

218 1937 246 1982 ,‚
273 1882 390 1954 aionis
409 1880 533 1953 habitu
554 1878 701 1951 vestitus
717 1877 918 1968 exclamat,
946 1805 1041 1950 ProK
1061 1899 1183 1975 tuam,
1201 1880 1226 1957 ὃ
1245 1883 1370 1976 Deus,
1390 1880 1522 1960 fidem!

218 2035 247 2079 „
272 1980 408 2052 mihine
427 1978 600 2075 majorem
622 1978 794 2050 honorem
813 1973 933 2047 haberi
951 1974 1128 2069 potuiffe,
1153 2002 1257 2074 quarn
1278 1979 1416 2079 infigne
1434 1985 1525 2058 mihi

217 2131 245 2177 ,‚
273 2075 381 2148 hodie
408 2076 537 2148 deferri
563 2076 597 2148 ei
618 2074 752 2166 fimile,
778 2073 875 2169 quod
893 2071 1073 2169 quondam
1092 2077 1189 2173 apud
1205 2078 1391 2153 Herodem
1411 2081 1526 2156 Filius

216 2229 246 2275 „
272 2193 355 2247 tuus
383 2175 510 2247 unicus
535 2172 708 2272 accepit?
743 2173 802 2245 Ad
830 2171 952 2246 locum
979 2170 1094 2270 igitur
1119 2173 1298 2276 supplicio
1322 2176 1526 2276 delebium,

215 2327 244 2375 „
272 2271 528 2363 Malbertinam
549 2296 685 2369 arcam,
715 2269 871 2369 plaustro
888 2271 1047 2365 delatus,
1074 2276 1255 2371 populum
1271 2274 1523 2356 ad‘Christum

215 2429 244 2474 „
270 2369 557 2470 agnoscendum,
591 2374 697 2446 &ad
725 2371 977 2469 paenitentiam
995 2368 1184 2469 hortatur,
1212 2377 1524 2454 circumstantium

211 2529 243 2575 „
270 2471 596 2547 Dominicanorum
617 2473 716 2548 tricis
734 2467 900 2565 enectus,
925 2467 1055 2564 Quid?
1078 2468 1206 2567 mene,
1226 2475 1365 2570 inquit,
1384 2499 1431 2548 eo
1447 2477 1524 2550 adi·

213 2628 242 2674 „
267 2596 374 2672 gere,
409 2593 449 2644 ut
475 2573 588 2670 ipsum
613 2573 751 2671 ejurem
771 2569 981 2661 Christum,
1007 2565 1165 2659 scelesti,
1191 2570 1327 2648 vultis?
1353 2572 1523 2649 Faceffite

214 2724 244 2769 „
269 2671 495 2764 impostores.
544 2670 670 2743 Postea
686 2672 729 2742 ad
749 2669 1107 2769 JournemMorr'narr
1125 2667 1373 2740 Comitiorum
1393 2671 1520 2756 quaest·

214 2815 245 2863 ‚,
272 2784 387 2834 torem
416 2766 629 2847 conversus,
663 2765 770 2853 petiit
799 2778 839 2826 ut
868 2757 932 2824 srbr
959 2775 1043 2823 cum
1066 2757 1206 2844 populo
1224 2781 1338 2847 pauca
1355 2758 1519 2847 quaedam
1575 2845 1579 2851 1

214 2912 245 2961 ‚‚

212 3010 242 3058 ν
269 2971 761 3134 ῐξὶηεῗὲιῗῃίὲξῑεηὶίηοθέἕὶ
790 3039 918 3135 posset.
952 2965 1149 3134 panormus,
1180 2954 1519 3142 idcipsumeeffeese

214 3106 244 3155 ’²
269 3168 435 3251 quoque:
471 3163 507 3218 at
534 3140 740 3230 obsecrare,
770 3139 846 3235 jam
872 3135 950 3211 sa'tis
970 3161 1010 3214 ut
1029 3140 1172 3214 baberet
1191 3162 1263 3216 tam
1282 3144 1406 3220 multis
1423 3165 1518 3220 eate-

213 3206 245 3354 ³:
268 3273 335 3325 nut
350 3242 472 3346 egisse.
523 3241 617 3317 lllud
636 3260 754 3315 autem
773 3232 821 3313 eb
840 3234 1053 3332 subjiciebat
1073 3237 1259 3335 Molinus,
1286 3245 1454 3340 quoniam
1473 3266 1520 3318 ex

269 3373 343 3447 quo
369 3340 567 3446 plaustrum
594 3337 849 3416 conscenderat
868 3338 1083 3428 Alexander,
1109 3361 1290 3436 nunquam
1308 3339 1383 3415 ferd
1400 3365 1518 3437 popu·

212 3402 243 3549 ,⁹³
269 3447 345 3522 lum
371 3440 536 3534 erudire,
570 3440 608 3514 δι
626 3459 668 3514 ut
684 3438 718 3511 se
736 3436 926 3534 colligeret
943 3435 1134 3546 aliquando
1153 3461 1381 3511 commonere
1398 3437 1519 3516 denia

212 3598 244 3647 „
267 3544 342 3632 set3
373 3563 492 3639 eoque
508 3557 657 3613 ventum
676 3533 782 3628 effet,
809 3557 850 3609 ut
867 3535 974 3607 etiam
993 3530 1207 3624 existerent,
1232 3536 1454 3632 quiquidem
1475 3537 1519 3612 ii·

230 3644 345 3743 ,lum
376 3634 593 3736 iniquiffimo
616 3635 757 3731 judicio
785 3630 966 3730 perfusum
995 3632 1031 3704 ὅ(
1059 3630 1265 3728 oppressum
1293 3631 1521 3727 affirmarent,

212 3698 243 3845 ζ,
269 3743 366 3816 Ante
393 3761 473 3812 uam
492 3737 503 3808 i
533 3735 605 3826 itur
621 3734 664 3808 ad
684 3732 884 3830 patibulum
905 3711 1108 3826 rapere'tut,
1127 3730 1316 3829 impetrata
1333 3731 1444 3807 libere
1463 3733 1518 3804 lo·

211 3894 243 3946 „
266 3761 403 3942 quendi
417 3759 611 3927 ueniae,
629 3832 843 3908 concionem
862 3827 990 3904 babuit
1006 3825 1098 3909 berae
1112 3826 1283 3929 longam,
1300 3829 1357 3906 sed
1374 3832 1519 3905 vibrans

213 3996 219 4024 2
827 3998 840 4011 .
887 4003 891 4012 .
1368 3979 1397 4023 „
1422 3948 1521 4022 tem,
