3322 4456
219 339 290 446 318
425 300 1293 415 ntsroninuuanottu
1361 335 1528 435 anm

222 482 303 532 rum
333 460 522 534 immemor
549 458 777 555 imploraret,
807 480 886 530 tuto
909 458 1131 553 incorruptae
1151 457 1342 552 probitatis
1362 460 1399 534 δε
1417 483 1527 558 geue·

222 557 293 630 rofi
313 558 418 629 animi
438 557 627 650 exemplo,
655 557 715 650 qui
736 555 910 647 inimicis,
936 579 977 627 uc
995 556 1138 627 vincula
1157 556 1193 627 ὃ(
1210 557 1345 628 caedem
1364 556 1528 652 spiranti·

225 653 292 726 bus
310 678 351 726 ac
371 654 648 742 intentantibus,
675 674 757 723 cum
778 651 913 746 poffet,
941 675 1071 724 nocere
1090 651 1260 723 noluerit.

271 751 401 836 ΜΝ.
422 754 528 822 Anno
543 750 815 844 sequentit544.
830 748 1194 838 CRriNMERUS,
1205 748 1300 843 quod
1313 749 1528 848 perspiceret

225 846 328 941 Jurt's
343 849 538 941 Pontifirii,
565 847 661 940 quod
680 847 820 940 vulgari
841 848 985 916 nomine
1001 849 1201 919 Canopicum
1215 850 1437 943 appellatur,
1460 852 1528 920 im·

224 945 430 1040 pudentiam
451 969 516 1016 nec
536 943 685 1014 modum
706 943 834 1014 habere
852 962 917 1014 nec
936 941 1068 1034 finem,
1094 944 1304 1021 indecorum
1323 967 1442 1018 autern
1461 943 1529 1019 effe

225 1062 411 1136 argueret,
431 1042 482 1112 ilii
500 1043 599 1111 oneri
619 1041 681 1110 vix
700 1037 845 1110 ferendo
867 1041 1101 1134 Angiicunum
1122 1040 1279 1113 Gentem
1300 1046 1450 1138 amplius
1461 1044 1529 1114 hu·

226 1160 342 1210 meros
369 1138 446 1210 suos
473 1136 680 1208 submittere
690 1167 702 1220 3
738 1156 779 1206 ut
807 1135 859 1206 illi
886 1137 1083 1231 iniquitatis
1110 1137 1278 1231 mysterio
1304 1143 1531 1232 mederetur,

207 1258 371 1330 ,operam
393 1235 534 1305 navavit
545 1266 557 1318 t
578 1234 672 1307 Cum
684 1226 778 1303 enim
790 1232 1011 1305 neceffarinm
1022 1232 1175 1328 ejuseiie
1184 1237 1469 1310 emendationem
1481 1237 1530 1330 (a)

225 1331 407 1420 evicisset,
442 1327 462 1399 ὲ
487 1333 593 1425 Rege
618 1349 736 1401 autem
763 1329 966 1404 admonitus
992 1329 1076 1403 effet
1102 1354 1144 1401 ut
1171 1333 1346 1426 quandam
1368 1355 1531 1407 errorum

227 1427 580 1502 &abominationum
601 1449 644 1496 ex
662 1449 706 1496 eo
718 1426 898 1521 Synopsrn
918 1428 1070 1519 faceret,
1088 1448 1194 1522 atque
1212 1433 1359 1523 propius
1372 1431 1533 1505 deador·

225 1526 342 1598 nando
369 1547 464 1595 novo
492 1523 635 1619 Legum
665 1522 992 1597 Ecclefiasticarum
1020 1527 1055 1594 in
1083 1527 1215 1620 Angiia
1234 1527 1531 1601 observandarum

225 1645 380 1718 corpore
398 1622 595 1716 cogitaret,
622 1621 785 1714 protinus
804 1645 946 1694 manum
966 1622 1065 1714 operi
1085 1623 1247 1692 admovit
1267 1623 1322 1714 (b)
1334 1656 1347 1710 ς
1393 1625 1443 1696 Et
1461 1622 1531 1695 fuit

135 1740 139 1745 ·
226 1739 305 1792 tum
332 1741 376 1789 ex
402 1716 614 1789 auetoritate
637 1718 791 1790 Henrici
809 1743 880 1790 non
900 1719 1015 1789 minus
1037 1716 1365 1789 Ecclefiasticarum
1384 1719 1530 1811 Legum

225 1813 456 1889 Reformatio
473 1814 637 1899 decretor
666 1816 830 1910 Suntque
846 1810 998 1905 delesti,
1017 1814 1084 1884 viri
1103 1814 1241 1906 aliquot
1258 1812 1321 1883 usu
1339 1814 1377 1886 ὃ(
1395 1810 1531 1885 doetri-

227 1936 271 1986 na
290 1911 515 2007 praestantes,
549 1934 697 1982 numero
716 1915 867 2009 triginta
884 1910 978 1998 duo,
1006 1910 1067 2004 qui
1086 1910 1228 2004 penitus
1246 1908 1424 1982 abolendo
1443 1933 1535 2006 pon·

229 2009 347 2084 tificio
362 2010 456 2102 juri,
487 2031 569 2080 cum
588 2010 685 2079 om'ni
704 2009 764 2079 illa
781 2009 1007 2078 decretorum
1029 2006 1315 2080 &decretalium
1336 2006 1533 2104 farragine,

227 2128 335 2180 novas
362 2108 478 2202 leges,
513 2127 594 2198 quae
619 2104 942 2177 controversiarum
970 2106 1007 2177 ὃ(
1033 2126 1177 2176 morum·
1190 2104 1328 2200 judicia
1347 2125 1534 2201 regerent,

227 2207 321 2301 regis
349 2206 493 2274 nomine
516 2206 553 2277 bt
571 2202 781 2275 aubioritute
800 2201 1048 2299 introgarent,
1074 2203 1109 2273 id
1128 2203 1227 2298 quod
1246 2226 1291 2275 ex
1310 2205 1427 2298 Regis
1446 2202 1535 2296 Epi·

230 2303 318 2377 stola
336 2308 389 2393 (c)
409 2299 567 2373 constare
584 2299 742 2395 poterit,
762 2323 843 2398 quae
862 2301 899 2374 ὅ(
917 2300 1042 2373 setium
1062 2299 1172 2395 ipsius
1188 2299 1255 2373 hac
1276 2302 1312 2371 in
1328 2325 1365 2373 re
1379 2299 1535 2372 studium

228 2402 266 2477 &
284 2401 392 2473 animi
410 2398 631 2471 voluntatem
651 2400 789 2494 npetitr
826 2396 1042 2494 Quanquam
1062 2418 1201 2489 tamen,
1227 2397 1346 2468 nescio
1365 2418 1438 2489 quo
1457 2421 1537 2469 mo·

228 2500 278 2574 do
313 2521 428 2597 quave
462 2496 648 2569 oecafione
674 2519 728 2569 res
754 2495 912 2570 succeffu
939 2517 1018 2569 tum
1045 2497 1188 2586 caruit,
1231 2493 1302 2567 sive
1328 2513 1535 2590 temporum

1467 2613 1536 2661 mi·

272 2724 322 2802 (a)
346 2713 561 2783 BURNET.
585 2721 607 2782 1.
627 2740 656 2783 c.
680 2719 738 2782 fol.
754 2718 824 2782 181.

270 2804 321 2883 (b)
347 2804 409 2864 vid.
433 2800 653 2868 BURNET.
690 2804 721 2865 in
753 2799 895 2862 Concu.
920 2797 1159 2864 Documentor.
1184 2801 1224 2861 ad
1249 2796 1321 2861 Lib.
1339 2792 1399 2856 ΙΙΙ.
1426 2789 1534 2857 Num.

232 2884 385 2953 XXVII.
409 2884 467 2951 fol.
487 2885 558 2965 518.
590 2885 642 2946 ubi
667 2879 832 2945 Colleeiio
856 2881 1013 2943 exhibetur
1038 2883 1188 2969 locorum
1211 2897 1248 2941 ex
1272 2878 1349 2955 Jure
1365 2873 1533 2970 §Zenobiou

231 2986 450 3120 {pcerptorum
462 2971 478 3033 i
489 2971 684 3043 Cranmero,
703 2982 784 3045 qua,
802 2979 898 3043 quam
916 2960 1081 3025 necessaria
1096 2960 1207 3040 fiteJus
1217 2958 1413 3038 emendatio,
1431 2958 1535 3025 osten·

255 3069 324 3219 uper).
351 3140 491 3205 Omnem
510 3150 576 3197 rem
593 3142 711 3193 enarrat
728 3127 779 3208 jo.
799 3125 986 3211 FOXUS,
1003 3127 1034 3192 in
1050 3126 1228 3210 prefatione
1241 3125 1280 3190 ad
1299 3125 1413 3189 librum
1428 3129 1537 3193 rarissi-

231 3242 349 3302 mum,
381 3223 432 3286 cui
458 3219 590 3281 titulus:
631 3210 819 3293 Reformatt'o
842 3212 962 3296 Legum
987 3210 1267 3292 Ecclefiasticarum
1292 3233 1332 3270 ex
1355 3210 1536 3277 auetoritate

227 3311 364 3392 primum
390 3303 521 3368 Henrici
538 3298 631 3364 VIII.
657 3295 816 3377 inchoata,
849 3297 955 3361 deinde
973 3315 1032 3385 per
1050 3296 1163 3380 Regem
1181 3290 1365 3357 Eduardum
1381 3293 1438 3360 VI.
1464 3313 1537 3381 pro·

233 3392 340 3469 aetia,
371 3385 562 3470 adaullcique
588 3382 648 3445 &e
680 3379 820 3447 Londin.
835 3383 928 3461 1640.
942 3399 973 3461 4.
1004 3379 1107 3457 Cujus
1133 3379 1201 3443 libri
1224 3377 1378 3443 historiam
1397 3379 1537 3442 &breve

231 3487 453 3558 argumentum
479 3466 605 3544 exponit
630 3463 901 3530 BURNETUS
927 3464 957 3526 in
983 3463 1062 3526 Hist.
1087 3460 1161 3526 Ref.
1188 3462 1292 3558 Angb
1309 3458 1412 3559 Tum.
1432 3462 1474 3527 Η.
1500 3465 1537 3527 ad

233 3561 322 3625 Ann.
337 3571 430 3633 1552.
455 3550 512 3612 iol.
527 3564 596 3628 130.
616 3550 680 3630 seq.
702 3549 774 3613 edit.
800 3547 928 3613 Latinae.
967 3546 1120 3611 Ceterum
1144 3564 1221 3611 cum
1245 3547 1291 3611 iili
1319 3547 1397 3608 lrbro
1413 3548 1539 3627 praefixa

231 3658 364 3727 qunque
389 3635 424 3697 sit
450 3629 545 3709 Regis
572 3630 732 3714 Epistola,
764 3633 835 3697 aiibi
853 3645 1009 3714 quantum
1026 3630 1175 3701 novimus
1201 3650 1264 3695 non
1290 3629 1442 3711 legenda,
1484 3630 1537 3695 niti
1653 3685 1657 3692 .

230 3720 365 3811 quodin
384 3714 537 3779 Conciliis
555 3713 684 3798 Magne
702 3712 839 3779 Britann.
869 3713 1286 3794 V01.11[.f01.779.780.
1318 3733 1353 3775 ea
1370 3714 1535 3790 referatur,

231 3806 336 3872 minus
358 3813 481 3877 tamen,
508 3800 549 3862 uri
574 3801 661 3863 nobis
687 3800 827 3876 videtur,
850 3796 1007 3860 concinne
1031 3799 1068 3860 ad
1092 3800 1203 3864 Anni
1212 3819 1229 3878 5
1254 3817 1284 3877 4.
1317 3812 1351 3861 ut
1375 3817 1442 3863 earn
1467 3797 1538 3858 inde

230 3890 510 3968 depromeremus,
542 3896 637 3962 atque
660 3883 736 3945 inter
759 3883 951 3947 documenta
973 3881 1077 3949 nostra
1099 3881 1206 3951 Num.
1264 3879 1365 3949 XXI.
1407 3897 1538 3964 ponere·

231 3989 323 4054 rrius,
347 3987 448 4052 operae
467 3967 626 4033 videbatur
644 3966 788 4050 pretium.
