3292 4462
796 312 926 408 (ιιι.)

217 428 418 532 auditores,
449 454 491 511 ut
508 458 630 535 pamm
648 435 738 509 mihi
757 434 887 509 virium
908 432 1057 530 (alioqui
1075 451 1198 508 natura
1216 435 1405 527 imbecilli)
1430 440 1525 513 relid
1550 454 1553 459 ·

218 558 330 633 quum
350 533 479 625 fuerit,
506 557 629 629 parum
649 534 837 628 pecuniae,
861 533 993 628 ingenii
1013 533 1096 601 item
1117 555 1253 626 parum.
1297 535 1524 609 lndicebant·

217 631 418 705 euim-mihi
433 632 586 743 jejunia,
612 631 775 725 vigilias,
795 629 1092 723 indulgentiarum
1111 651 1152 699 ac
1167 628 1340 702 missarum
1352 633 1519 727 emptio·

218 750 304 820 net,
328 729 364 799 in
383 729 510 822 quibus
528 726 692 798 omnibus
710 735 765 815 (ut
783 749 876 798 nunc
894 726 1072 819 intelligo)
1090 721 1148 795 sua
1162 728 1280 820 potius
1289 729 1522 823 quaerebant,

219 844 326 921 quam
345 823 489 897 salutem
508 825 635 894 animae
655 847 741 893 meae
762 823 971 916 languentis.

223 968 232 983 ν
269 919 340 994 Sed
368 922 507 993 taudem
535 920 578 991 de
600 919 682 1010 Jcsu
707 919 911 1009 audiebam,
937 917 1103 989 nimirum
1126 935 1224 1009 tutu,
1251 943 1333 991 cum
1355 919 1519 995 Novum

219 1014 490 1089 Testamentum
518 1017 671 1109 primum
700 1016 743 1085 ab
771 1016 918 1086 Erasmo
945 1016 1118 1086 ederetur.
1159 1015 1272 1106 Quod
1299 1039 1381 1087 cum
1404 1017 1453 1088 ab
1471 1043 1519 1091 eo
1578 1094 1581 1098 ,

219 1110 385 1186 Latinius
408 1113 586 1185 redditum
614 1134 695 1181 acce
726 1114 762 1201 i,
797 1112 992 1181 Latinitate
1019 1112 1140 1203 potius
1166 1134 1270 1206 quam
1294 1111 1418 1185 Verbo
1440 1115 1518 1189 Dei

222 1209 336 1305 (quod
363 1228 449 1281 tunc
467 1208 632 1302 quidnam
650 1231 669 1278 e
699 1227 735 1279 et
753 1205 892 1303 prorsus
909 1205 1118 1292 nesciebam)
1141 1205 1305 1300 allectus,
1330 1207 1519 1304 emebatur,

219 1306 447 1401 providentia
473 1303 559 1395 (fine
584 1304 710 1388 dubio)
741 1304 893 1393 Divina,
928 1323 969 1373 ut
994 1326 1088 1373 nunc
1115 1303 1342 1399 interpretor.
1390 1305 1516 1380 lucidi

220 1403 336 1498 prima
363 1410 419 1494 (ut
445 1401 606 1484 memini)
633 1396 786 1471 lectione
813 1401 849 1469 in
876 1399 965 1471 hanc
984 1404 1022 1488 (o
1048 1398 1135 1468 mihi
1158 1399 1397 1486 suaviffimam)
1428 1426 1441 1475 t
1466 1405 1514 1476 ad

221 1497 309 1573 sinu
325 1521 354 1570 t.
382 1502 499 1570 Certus
517 1501 643 1592 sermo,
680 1498 721 1577 sel
749 1499 885 1591 dignus,
919 1518 1011 1590 quem
1037 1495 1139 1568 modis
1165 1501 1310 1570 omnibus
1335 1502 1514 1593 amplecta-

221 1616 325 1686 ntur,
365 1596 451 1691 qaod
482 1594 631 1687 Chrrflus
657 1593 757 1688 Jesrrs
783 1599 874 1663 venit
900 1595 935 1663 in
959 1592 1114 1663 mundum
1140 1610 1177 1665 ut
1198 1611 1381 1688 peccatores
1397 1598 1520 1688 salvor

216 1688 369 1788 faceret,
403 1715 538 1786 quorum
556 1697 685 1783 primus
707 1693 778 1780 sarm
802 1712 868 1783 ego.
917 1687 1011 1759 Haec
1037 1710 1106 1760 una
1131 1685 1322 1783 sententia,
1357 1691 1440 1765 Deo
1461 1696 1520 1767 in·

223 1807 283 1861 tus
309 1790 346 1859 in
372 1787 481 1857 corde
506 1808 587 1856 meo
614 1785 724 1879 (quod
743 1804 830 1854 tunc
848 1781 926 1854 fieri
944 1784 1167 1878 ignorabam)
1188 1786 1363 1880 docente,
1386 1787 1433 1860 fic
1450 1813 1522 1862 ex·

220 1882 388 1957 hilaravit
407 1880 527 1975 pestus
545 1904 686 1971 meum,
713 1882 809 1974 prius
827 1899 1057 1974 peccatorum
1076 1878 1292 1956 conscientia
1307 1883 1457 1957 saucium
1471 1910 1518 1960 ac

221 2002 315 2092 pene
340 1976 665 2072 desperabundum‚
698 1996 739 2048 ut
766 1999 851 2047 mox
879 1977 969 2048 visus
998 1975 1060 2048 fim
1079 1978 1189 2070 mihi,
1214 1979 1332 2055 nescio
1348 2000 1515 2074 quantam

222 2093 321 2147 tutus
339 2076 630 2168 tranquillitatem
649 2072 796 2163 sentire,
821 2073 907 2145 adeo
926 2073 1021 2168 quod
1041 2073 1292 2151 exultaverunt
1309 2076 1379 2150 olla
1393 2079 1518 2153 humi·

222 2170 320 2253 liuta.
363 2172 487 2244 Postea
513 2172 698 2266 Scriptura
722 2173 840 2265 coepit
867 2169 954 2241 milti
981 2169 1122 2244 dulcior
1142 2170 1209 2244 effe
1226 2175 1330 2247 melle
1347 2200 1388 2248 ac
1407 2175 1521 2251 favo:

222 2268 263 2341 iu
281 2292 349 2365 qua
367 2270 533 2364 paulatim
554 2269 663 2340 didici
681 2290 802 2340 omncs
820 2291 916 2339 meos
934 2286 1103 2358 conatus,
1128 2273 1247 2343 omnia
1257 2273 1411 2370 jejunia,
1434 2297 1521 2345 om·

223 2388 286 2439 net
310 2367 344 2435 ri
376 2366 475 2456 ilias,
514 2390 635 2438 omnes
661 2364 836 2436 missarum
863 2362 1231 2462 indulgentiarumque
1257 2368 1521 2461 redemptiones

225 2484 308 2561 quae
335 2388 406 2535 signe
423 2461 555 2535 fiducia
572 2465 607 2533 in
625 2460 741 2555 Jesum
766 2461 842 2554 (qui
860 2462 950 2532 solus
968 2460 1099 2532 salvum
1118 2458 1205 2535 facit
1222 2464 1395 2559 populum
1413 2462 1521 2541 suum

225 2582 248 2633 a
271 2560 428 2657 peccatis
445 2558 527 2646 suis)
553 2558 701 2644 fierent3
728 2557 861 2646 didici,
889 2560 1053 2653 inquam,
1081 2558 1160 2631 haec
1177 2561 1297 2633 omnia
1313 2561 1403 2633 nihil
1418 2562 1522 2638 aliud

224 2655 350 2748 fuisse,
375 2680 479 2750 quam
499 2657 610 2752 (quod
630 2656 678 2727 ait
697 2653 930 2750 Augustinus)
955 2654 1103 2728 celerem
1122 2655 1261 2731 cursum
1280 2677 1382 2733 extra
1396 2660 1520 2749 viam5

252 2774 332 2824 uam
352 2756 567 2846 perizomata
583 2753 643 2824 illa
661 2750 833 2841 ficulnea,
852 2751 980 2844 quibus
999 2752 1112 2823 Adam
1128 2753 1252 2826 &Eva
1268 2755 1521 2828 verendaolirn

225 2774 286 2924 suu
303 2847 429 2919 frustra
446 2868 567 2943 tegere
585 2849 705 2919 conati
717 2847 815 2918 sunt:
845 2848 1042 2941 Nunquam
1063 2849 1159 2942 prius
1177 2849 1393 2944 tranquillati
1406 2872 1516 2943 quam

226 2942 447 3041 promissioni
474 2945 568 3034 Dei,
594 2942 639 3012 de
665 2942 844 3036 Serpentis
863 2944 1000 3036 capite,
1027 2969 1091 3039 per
1107 2944 1259 3019 mulieris
1276 2945 1389 3018 semen
1408 2946 1523 3019 Chri-

226 3037 320 3113 stum
341 3037 582 3129 conterendo,
607 3035 851 3109 credidissent:
888 3039 972 3112 Nec
991 3063 1061 3138 ego
1081 3045 1178 3138 priua
1193 3064 1213 3115 a
1230 3063 1456 3138 peccatorum
1477 3069 1521 3117 a·

226 3137 338 3212 culeis
364 3160 405 3209 ac
428 3132 601 3208 morsibus
619 3133 725 3207 sanari
745 3135 871 3233 potui,
897 3160 999 3231 quam
1019 3163 1038 3208 a
1058 3141 1139 3211 Deo
1157 3136 1280 3213 doetus
1297 3138 1401 3213 essem
1421 3140 1525 3218 illam

225 3234 440 3325 lesiionem,
473 3233 517 3307 de
542 3256 611 3329 qua
637 3234 798 3327 loquitur
816 3233 1108 3328 Chrillus,¹Job.
1131 3257 1162 3334 3.
1196 3238 1299 3311 Sicut
1319 3239 1436 3311 Moses
1454 3263 1526 3312 ex-

226 3334 354 3407 ultavit
369 3332 562 3427 serpentem
582 3333 617 3403 in
635 3332 791 3418 deserto,
819 3333 868 3402 ita
885 3334 1029 3405 exaltari
1047 3352 1193 3424 oportet
1211 3333 1327 3406 filium
1346 3336 1524 3428 hominia,

227 3447 273 3502 ut
295 3431 411 3501 omnis
428 3429 489 3524 qui
508 3427 622 3501 credit
640 3431 677 3502 in
695 3429 794 3501 illum
814 3452 885 3500 non
903 3448 1043 3526 pereat,
1070 3429 1125 3502 sed
1144 3428 1270 3504 habeat
1287 3433 1395 3506 vitam
1412 3451 1525 3504 aeter·

225 3546 321 3598 num.

274 3620 382 3694 Hanc
400 3618 542 3693 tandem
559 3621 743 3694 sublimem
763 3619 972 3712 lebiionem‚
997 3622 1238 3717 quam-nullus
1255 3623 1386 3698 docere
1401 3626 1526 3720 potest

227 3716 293 3793 nisi
313 3718 436 3810 Deus,
454 3720 515 3811 qui
534 3718 623 3792 hanc
641 3720 748 3792 Petro
767 3720 958 3812 revelavit,
976 3720 1038 3792 ubi
1058 3744 1123 3815 pro
1142 3720 1291 3793 modulo
1308 3723 1432 3818 gratiae
1447 3724 1527 3798 Dei

225 3816 315 3895 milti
323 3809 695 3919 dategtstne'coepi,
711 3818 837 3917 rogati
848 3817 1073 3913 Dominum,
1087 3817 1529 3991 utaugetetmihifidctpg
