3322 4456
779 277 892 373 (28·)

193 476 197 481 ,
234 408 428 495 Tertium,
453 405 556 500 Qria
571 404 691 479 nullos
708 409 829 502 potest
845 408 1070 482 adteritatis
1085 411 1332 508 cognitionem
1351 424 1489 514 pertin·

187 531 297 606 gere,
328 505 393 576 nisa
419 504 441 575 a
468 529 558 601 papa
583 504 810 577 Antichristo
833 504 1051 578 diffenstrit:
1086 509 1168 580 ideo
1194 511 1304 587 illi&
1319 519 1490 594 omnibus

186 605 341 678 decretis
367 602 463 675 itlius
489 605 725 693 abrenuntio,
757 604 883 674 nolens
906 603 960 676 sui
985 605 1085 696 regni
1103 607 1294 698 apostatici
1310 615 1490 711 particeps

186 692 279 775 effe:
314 698 372 774 sed
399 701 526 774 volens
552 702 596 771 ab
625 701 688 769 illo
715 723 893 794 perpetuo
915 699 985 772 elle
1008 707 1371 800 excommunicatus,
1404 736 1488 784 cum

185 795 319 892 sciam,
337 797 432 869 idern
452 823 602 894 regnum
620 795 689 867 effe
706 798 821 868 aDco
833 800 1190 886 excommunicatum
1202 802 1491 881 &maledidum

188 898 241 970 At
267 897 313 970 de
338 896 392 967 his
420 895 530 992 paulo
557 892 716 988 pluscula
741 896 812 966 alio
833 894 929 966 libro
945 893 1173 970 vastabimus
1190 899 1234 968 ad
1252 904 1407 998 gloriam
1425 908 1490 978 do·

186 994 279 1068 mini
304 993 416 1065 oostri
440 994 523 1083 Jelu
542 991 678 1075 Christi
691 1017 714 1063 :-
737 995 798 1064 cui
818 990 862 1063 fit
880 991 997 1064 honor
1015 994 1053 1066 ὅ(
1072 995 1190 1089 gloria
1208 999 1244 1068 in
1259 1000 1376 1075 secula
1393 1001 1490 1077 secat·

185 1091 331 1187 lorum,
358 1093 488 1163 Amen.

702 1348 713 1380 a
738 1320 857 1394 Num.
883 1319 935 1396 V.

369 1482 582 1587 Huldrici
616 1489 970 1589 ZWINGLII
1007 1489 1214 1627 Epistola
1250 1498 1310 1600 ad

582 1633 775 1722 Petrum
812 1627 1093 1725 Sebevillam

447 1770 752 1874 Ecclcsrasten
788 1774 1229 1910 Gratiopolitanum

189 2014 196 2031 ,
350 1983 394 2033 ex
416 1957 578 2057 Zwingl.
596 1959 634 2036 ὃ(
653 1956 784 2034 Oecol.
803 1956 902 2063 Epp.
918 1956 1005 2036 Lib.
1025 1957 1097 2035 lV.
1122 1958 1188 2037 l'ol.
1202 1983 1281 2048 190·
1299 1961 1324 2036 b

191 2152 393 2339 GRatia
411 2157 447 2234 ἃ
467 2181 537 2255 pax
557 2157 578 2231 ὲ
599 2157 683 2233 Deo
701 2158 739 2234 ἃ
759 2156 925 2232 Domino
943 2155 1067 2230 nostro
1082 2154 1165 2249 Jcl'u
1183 2156 1344 2234 Christo.
1370 2159 1408 2235 Si
1425 2162 1493 2237 bo·

297 2257 350 2333 rtis
376 2257 420 2330 ad
447 2256 628 2331 bonorum
657 2257 827 2331 convivia
851 2253 985 2330 licebat
1011 2256 1118 2328 etiarn
1145 2280 1217 2330 non
1236 2259 1372 2332 vocatis
1389 2285 1493 2334 acce·

185 2333 303 2449 dete,
344 2352 484 2430 doctiss.
495 2355 625 2527 (ium
652 2377 693 2429 ac
720 2351 869 2451 piissrme
895 2354 1028 2444 Peme,
1063 2373 1105 2427 ut
1131 2354 1183 2428 est
1211 2357 1248 2427 in
1274 2358 1492 2452 proverbio:

187 2474 326 2554 quanto
354 2455 467 2553 magis
532 2451 738 2527 hristianum
766 2451 873 2525 etiam
897 2449 1099 2551 longiffirne
1114 2449 1269 2525 diffitum
1288 2452 1495 2530 Christiano

187 2552 385 2628 convenire
401 2547 553 2627 licebit?
588 2551 758 2646 Quorum
777 2574 848 2623 una
866 2546 954 2624 fider
972 2549 1044 2640 est,
1069 2546 1268 2642 baptimus
1285 2573 1397 2647 unus,
1424 2554 1496 2651 spi·

184 2651 282 2739 airon
307 2650 426 2742 idem,
451 2649 546 2722 idem
564 2648 724 2745 ejusdem
743 2649 885 2745 pictatia
903 2646 1070 2720 studium.
1115 2648 1216 2722 Hinc
1235 2646 1367 2722 faulum
1384 2650 1435 2722 est
1455 2672 1496 2722 ut

187 2738 338 2847 ignotus
366 2747 376 2815 i
408 2764 559 2835 notum,
593 2744 719 2816 itidem
748 2745 845 2840 quod
871 2764 944 2838 ego
972 2767 1068 2815 nunc
1096 2740 1218 2832 facio,
1251 2746 1340 2813 bene
1366 2744 1496 2816 habere

188 2859 356 2940 precatus
379 2768 449 2931 ira,
482 2858 589 2933 atquc
615 2838 652 2907 id
679 2838 791 2908 literis
816 2835 861 2907 ad
890 2837 1169 2907 Annernundum
1189 2833 1347 2904 Collum
1367 2836 1493 2932 millrs,

188 2938 309 3012 virum
339 2951 379 3004 ut
404 2952 535 3042 genere
550 2928 783 3021 dodlrinaque
799 2932 958 3015 clarum,
983 2930 1033 2996 ita
1053 2926 1185 3017 pietate
1202 2928 1494 3032 humanitateque

190 3030 254 3109 lon
283 3052 302 3103 e
328 3027 530 3099 clarrorem.
573 3023 651 3117 Qui
674 3041 715 3094 ut
734 3022 823 3092 nibil
840 3021 1021 3116 antiquitas
1037 3019 1198 3100 amicitia
1217 3026 1420 3125 pietateque
1437 3036 1492 3106 jn.

188 3148 246 3223 per
298 3146 426 3199 amana
451 3122 574 3217 ducit,
613 3119 661 3195 src
689 3114 835 3192 viciffim
861 3114 989 3217 suopte
1014 3118 1169 3215 quodam
1188 3125 1269 3222 jure
1289 3133 1384 3218 (nam
1404 3138 1493 3205 tanti

187 3225 261 3307 ,ariri
295 3223 447 3324 imperio
478 3219 639 3297 lubentes
665 3217 896 3314 volentesque
922 3215 1098 3305 celllmus)
1133 3223 1315 3318 compulit
1342 3228 1495 3307 incultas

188 3320 273 3401 istar
300 3323 342 3397 ad
368 3341 405 3396 te
429 3320 512 3395 dare
539 3321 678 3394 literas:
714 3316 843 3413 quibus
868 3313 1030 3390 futurum
1050 3318 1185 3411 sperat,
1212 3341 1253 3392 ut
1269 3324 1426 3396 amicitia
1442 3328 1510 3402 ser

190 3421 320 3499 cundia
346 3419 469 3494 avibus
497 3438 643 3515 coepta,
676 3415 802 3488 eoder'n
830 3412 988 3511 auspicio
1016 3417 1051 3486 in
1077 3416 1172 3488 diem
1191 3421 1303 3516 magis
1322 3446 1363 3492 ac
1382 3427 1495 3521 magia

189 3517 341 3607 crescat.
385 3517 455 3590 Sed
482 3517 520 3588 in
546 3540 626 3591 eum
656 3514 766 3586 modo
792 3510 914 3604 ulum,
941 3533 982 3586 ut
1000 3537 1089 3608 pura
1107 3514 1167 3585 illa
1185 3539 1338 3615 veraque
1357 3520 1494 3598 Christi

189 3617 322 3717 religio
347 3613 558 3711 amplietur:
595 3635 722 3710 quam,
747 3612 826 3707 quis
846 3612 1034 3693 nonaidet
1053 3612 1323 3707 hypocritarum
1344 3617 1497 3697 versutia

187 3717 307 3816 ,longo
331 3713 403 3809 jam
433 3731 596 3808 ternpore
621 3712 671 3784 ita
695 3706 774 3787 elle,
790 3708 987 3799 faedatam,
1013 3709 1258 3801 obscuratam,
1286 3714 1497 3816 laceratam,

193 3831 236 3888 ut
263 3818 386 3891 aarum
408 3806 562 3888 abluerit
580 3831 624 3884 ne
642 3810 680 3885 in
697 3805 899 3886 universum
917 3807 1191 3885 excluderetur?
1225 3812 1294 3887 Sed
1314 3813 1496 3892 Dominus

1386 3913 1496 3988 Saba·
