3322 4456
141 412 309 515 ama
468 399 1116 492 renovari
1378 406 1451 512 ,ῃ

188 543 400 624 Ceterum,
428 532 544 603 virum
572 527 751 600 eruditum
771 525 808 600 dt
828 529 927 623 pium
952 527 1053 602 fuisse
1076 531 1171 604 hune
1190 531 1448 638 Lamberrum,

140 661 223 716 curn
252 663 296 713 ex
327 624 631 726 Responsionibus
652 625 695 696 ad
713 625 922 699 articulosa
943 629 1143 700 Warhamo
1162 631 1323 728 objectos
1341 641 1447 712 colli.

169 742 265 827 itur,
297 755 377 806 turn
403 751 449 800 ex
478 724 593 798 Libro
620 722 892 818 Apologetico,
918 746 1022 818 quem
1043 750 1110 821 pro
1130 731 1260 801 tuenda
1279 732 1449 810 sententia

140 760 202 913 aaa
228 837 263 903 in
289 849 432 903 earcere
457 820 701 915 conscriptum
730 821 829 916 Regi
847 824 1004 913 obtulit,
1030 827 1163 921 quique
1181 828 1352 924 insignem
1371 836 1448 925 ejur

140 930 381 1009 eruditionem
410 924 446 998 δι
466 920 649 994 sabaeum
665 918 847 1015 judicium
868 917 948 992 latia
965 921 1137 1018 superque
1154 926 1340 1009 ollendere
1356 928 1448 1001 dici·
1505 920 1520 955 l

140 1045 214 1103 tur.
231 1033 283 1120 (al

187 1136 220 1212 ς.
244 1120 374 1198 XCIl.
410 1115 486 1199 Vix
522 1132 664 1203 autem,
698 1110 770 1186 hoc
795 1108 1039 1209 supplicium,
1080 1115 1270 1191 Gordineri
1298 1121 1335 1194 dt
1361 1120 1444 1195 reli·
1578 1135 1583 1142 “

139 1243 295 1318 quorum
321 1217 396 1291 astu
422 1209 643 1311 perfeetum,
678 1208 899 1283 exsecutioni
926 1211 1049 1286 datum
1077 1238 1173 1308 erat,
1208 1220 1295 1314 quin
1321 1242 1445 1294 omnes
1513 1208 1518 1235 ⁸

139 1317 162 1394 e*
181 1317 332 1419 vestigio
351 1312 525 1410 Papislae,
545 1311 659 1404 Regis
678 1330 745 1401 pro
764 1308 938 1405 religione
952 1311 1104 1384 studium
1117 1317 1362 1389 collaudare&
1377 1319 1444 1388 mi·

138 1419 187 1494 rit
214 1414 331 1489 modis
356 1412 506 1486 evehere
532 1407 789 1491 allaborarent,
822 1411 900 1499 ejus
925 1410 1163 1483 eruditionem
1190 1409 1376 1486 efferentes
1402 1438 1443 1488 ae

139 1515 391 1611 prudentiam,
426 1511 559 1604 quippe
586 1504 649 1597 qui
672 1524 712 1574 ea
736 1526 775 1574 re
795 1505 963 1578 omnibus
980 1510 1111 1581 exteris
1131 1511 1166 1582 ὃ(
1188 1510 1364 1607 indigenis
1383 1513 1444 1584 ab·
1470 1581 1474 1589 ,

138 1613 236 1684 unde
261 1604 488 1695 declarasset,
521 1599 608 1674 salso
636 1600 668 1674 se
695 1601 844 1673 crimine
870 1597 891 1672 a
918 1605 1011 1700 Papa
1026 1604 1252 1701 accusatum,
1279 1630 1444 1704 tanquam

138 1708 315 1781 fautorem
346 1703 642 1789 Hoereticorum,
678 1699 714 1772 ὃ(
741 1699 904 1792 quinon
931 1698 952 1772 i
979 1705 1073 1800 Papa
1099 1705 1232 1797 modo,
1266 1703 1322 1776 sed
1344 1710 1378 1780 δι
1399 1708 1444 1780 ab

138 1806 211 1903 ipsa
228 1805 447 1901 Religione,
467 1822 572 1896 quam
591 1795 796 1869 defenderat
815 1818 937 1889 antea,
956 1798 1167 1876 descivisset.
1194 1801 1321 1898 Quid?
1349 1804 1446 1900 quod

137 1926 203 1980 nee
221 1901 293 1996 ipse
311 1903 332 1974 a
350 1901 459 1974 semet
478 1895 554 1993 ipso
573 1889 755 1968 efferendo
772 1894 985 1990 abstineret,
1004 1919 1045 1972 ut
1066 1898 1129 1970 sabi
1149 1924 1294 1996 quoqne
1313 1925 1376 1996 pes
1391 1903 1446 1975 in.
1564 1915 1567 1924 ·

138 1999 346 2076 credibilem
375 1998 482 2069 animi
510 1995 763 2089 impotentiam
790 1993 827 2061 in
850 1987 910 2063 ill'a
927 1995 1221 2070 excarnificanda
1240 1999 1446 2074 hominibus
1574 2000 1578 2006 ’

138 2097 250 2173 unice
266 2097 440 2170 destinata
458 2090 597 2162 saevitia
614 2113 655 2159 ac
672 2091 816 2160 scritate
831 2091 1075 2182 applauderet.

187 2187 323 2278 Certe,
349 2211 433 2260 eum
451 2186 490 2255 in
508 2183 601 2256 Aula
619 2184 855 2276 praevalerent
874 2185 1151 2276 l’onrifreiorum
1170 2208 1309 2284 parter,
1334 2192 1371 2264 hi
1390 2194 1446 2267 ni·
1526 2188 1530 2198 ’

139 2288 193 2362 lail
217 2308 340 2361 eorum
361 2283 552 2369 omlrtere,
577 2302 660 2372 qum
678 2279 722 2348 ad
743 2275 1024 2354 Reformarionis
1042 2287 1263 2380 progressum
1282 2290 1448 2363 inhiben-

60 2439 66 2444 .
139 2386 250 2476 dnm,
285 2386 322 2457 dt
348 2401 507 2454 ueterem
532 2376 647 2473 magis
666 2375 852 2473 magisque
872 2377 1114 2454 stabiliendam
1134 2385 1368 2481 religionem,
1395 2384 1446 2458 fa·

141 2505 224 2558 cere
294 2501 424 2554 terant.
1491 2534 1493 2539 ,

187 2507 393 2655 Subpoidem
419 2576 492 2647 hoe
519 2593 661 2666 tempus
690 2571 896 2644 Germanice
923 2573 1108 2672 Principes
1136 2576 1378 2655 Proteslantes
1401 2580 1448 2655 ab
1570 2595 1582 2626 ⁴

140 2679 310 2753 Henrico
325 2675 474 2750 excitati
495 2671 550 2764 (b)
570 2667 661 2742 flaua
676 2668 809 2752 solenni
829 2671 865 2741 in
880 2672 1049 2766 Angliam
1062 2674 1283 2771 Legatione,
1302 2700 1449 2752 omnem

142 2777 318 2852 navabant
336 2782 504 2870 operam,
525 2790 565 2840 ut
586 2791 666 2840 eum
686 2766 859 2858 insuam,
879 2792 960 2862 quae
977 2771 1233 2846 Reformandae
1244 2777 1451 2874 Religionis

141 2898 238 2969 erat,
274 2873 410 2964 eausam
439 2868 703 2963 pertraherent:
740 2865 860 2958 Quam
881 2865 1029 2941 subdole
1049 2867 1136 2942 veri>
1153 2895 1237 2945 cum
1257 2873 1310 2946 his
1328 2873 1448 2949 adium

143 2972 209 3064 fit,
242 2974 279 3047 dt
308 2995 383 3071 quo
410 2969 500 3042 statu
529 2985 607 3037 tum
635 2963 789 3058 Religio
807 2966 845 3035 in
864 2966 997 3061 anglia
1014 2964 1122 3057 esset,
1149 2993 1195 3041 ex
1219 2971 1260 3044 iis
1277 2995 1362 3068 quae
1373 2975 1450 3072 jara

142 3071 362 3168 protulimus
380 3067 543 3151 constat,
570 3083 686 3156 neque
705 3059 777 3132 sere
796 3063 968 3135 recenseri
984 3064 1131 3160 possunt
1148 3087 1240 3140 artes
1256 3093 1378 3143 omnes
1396 3092 1451 3144 at·

144 3188 213 3263 que
231 3165 431 3256 machinae,
455 3158 588 3259 quibus
608 3159 693 3228 lter
712 3178 788 3228 turn
810 3157 829 3228 al
849 3157 1124 3253 Refprmatione
1143 3164 1452 3259 promovendaest

144 3258 366 3364 impeditus,
407 3259 601 3333 accedente
629 3254 840 3349 cumprimis
863 3255 962 3349 josto
990 3258 1066 3332 Dei
1084 3256 1255 3356 Iudicio,
1289 3262 1453 3340 adversor

144 3359 312 3433 immama
331 3356 445 3454 Regis
457 3356 564 3430 titia.
835 3398 839 3415 ι
1037 3398 1052 3425 2
1362 3363 1455 3441 'reia

146 3601 167 3637 „
193 3564 281 3647 ment
296 3550 335 3613 de
352 3545 550 3629 saMajestd,
566 3546 647 3612 &ils
663 3546 805 3612 aurolent
820 3543 884 3626 dii,
899 3563 963 3644 que
980 3548 1012 3610 le
1029 3546 1092 3612 Roi
1109 3546 1152 3613 est
1171 3556 1200 3614 le
1216 3558 1288 3634 plus
1296 3558 1455 3622 excellent

146 3686 168 3722 „
191 3637 303 3701 Prince
329 3633 371 3694 du
391 3630 519 3695 Monde
534 3629 693 3697 Chretien.
722 3630 815 3694 Cela
832 3631 856 3692 s'
867 3630 908 3693 esl
926 3629 979 3695 fait
994 3631 1027 3694 d’
1038 3648 1099 3695 une
1114 3635 1253 3700 mansere
1270 3639 1332 3704 fort
1349 3639 1455 3705 fialen-

147 3770 170 3805 ‚,
193 3721 296 3797 nelle,
328 3715 360 3779 dt
381 3715 417 3795 je
438 3733 479 3779 ne
500 3712 601 3778 doute
614 3733 686 3796 pat,
709 3733 774 3795 qne
789 3717 863 3796 quel
890 3734 945 3780 ues
962 3734 1021 3781 uns
1039 3716 1078 3779 de
1093 3735 1150 3781 vos
1165 3721 1242 3784 arnis
1261 3740 1300 3787 ne
1316 3743 1397 3788 rous
1413 3743 1455 3790 en

147 3797 379 3887 „institissent
403 3797 421 3862 d
445 3795 536 3861 fond.
553 3842 576 3878 „
615 3795 680 3862 rid.
697 3797 818 3877 Jerem.
834 3793 865 3861 C
906 3793 1060 3864 LLrER·
1077 3797 1152 3865 Tre
1168 3801 1291 3871 Ecclel‘.
1316 3806 1396 3871 ffill.
1418 3792 1464 3871 ὅ

149 3889 250 3956 (irent
265 3877 817 3970 Britan-varstanBrutumque
832 3882 926 3969 Aegl.
946 3887 969 3948 l.
986 3902 1016 3950 c.
1366 3954 1372 3965 ,
1441 3886 1447 3911 ’“

159 3963 770 4052 ..ra)‚ssuttNET.i.e.for.142.u
1007 3987 1009 3990 ’
1047 3992 1050 3999 ’

192 4057 246 4138 (b)
269 4045 615 4124 SECKENDORF.
640 4047 792 4126 hinnul-a
815 4049 847 4132 ὑ.
863 4047 997 4129 val.
1021 4050 1200 4129 fel-idme
1276 4084 1305 4093 ·=
1335 4092 1349 4118 t
1376 4087 1381 4095 ·
1430 4058 1458 4093 Ἀ
