3322 4456
807 278 918 375 (88.)

216 405 339 479 tremis
364 400 461 476 hisce
489 401 715 501 temporibus
741 402 935 501 loquutum
956 402 1124 500 prosedlo
1141 429 1207 504 per
1222 412 1373 488 unicum
1390 417 1530 498 Filium

217 502 344 592 suum,
369 504 428 573 cui
447 500 680 597 praestandam
698 504 816 575 modia
833 504 1000 578 omnibus
1017 508 1256 580 attentionem
1274 515 1529 610 imperaverit:

218 600 441 694 pereundum
467 602 499 670 ei
519 619 561 671 ut
580 597 646 690 srt,
671 603 733 696 qui
751 601 977 675 docilitatem
997 605 1289 680 &attentionem
1309 614 1361 683 illi
1380 616 1532 689 minime

219 695 442 790 praelliterit.
482 698 612 792 ltaque
635 704 699 790 qui
721 720 769 768 ex
796 699 880 770 Deo
895 701 971 792 eli,
994 700 1102 772 facite
1117 703 1196 798 ejus
1210 703 1410 783 sermonem
1429 716 1534 787 audit

222 794 262 867 ἃ
278 794 471 866 auscultat:
497 798 560 889 qui
578 793 714 886 sermo,
734 793 891 868 formula
907 799 1069 893 quaedam
1088 798 1183 893 sola,
1209 827 1326 898 certa,
1351 809 1534 902 perfecta·

222 912 293 985 que
310 893 360 963 est
378 891 489 987 ipsius
507 893 689 983 veritatis,
714 895 874 989 vitaeque
890 895 987 968 resle
1005 897 1256 994 instituendae,
1275 906 1434 978 utilisad
1449 933 1533 980 om·

222 1013 308 1060 nern
327 993 588 1077 eruditionem,
612 987 657 1059 ad
675 1014 819 1062 omnem
837 992 1200 1086 animadversionem,
1225 1002 1268 1070 ad
1287 1005 1535 1097 reprehensio·

223 1109 329 1175 nem,
354 1085 397 1156 ad
411 1084 563 1182 justitiae
582 1083 898 1180 informationem,
922 1112 964 1163 ut
981 1094 1044 1187 qui
1061 1115 1107 1165 ex
1126 1095 1210 1165 Deo
1227 1097 1300 1188 est,
1318 1103 1361 1171 ad
1380 1104 1535 1199 integri·

224 1203 336 1255 tatem
363 1206 513 1276 operum
540 1205 680 1276 paratus
700 1184 755 1258 fit.
788 1187 889 1258 Hinc
908 1189 1160 1286 consequitur,
1185 1194 1384 1288 Scripturae
1404 1199 1535 1274 san'ctae

225 1282 411 1352 volumina
436 1281 516 1352 satis
533 1279 602 1351 else
619 1280 692 1352 lusa
709 1280 899 1378 amplaque
914 1286 957 1356 ad
976 1290 1228 1361 restituendam
1246 1293 1392 1366 salutern
1413 1298 1538 1371 homi·

224 1380 352 1449 nibus:
387 1375 432 1448 ad
459 1401 584 1449 verum
602 1380 675 1449 Dei
693 1383 833 1452 cultum
852 1384 1120 1457 illustrandum:
1147 1387 1192 1458 ad
1209 1387 1459 1486 depellendum
1477 1419 1536 1469 er·

225 1499 344 1547 rotem
363 1499 486 1547 eorum
505 1477 568 1570 qui
586 1498 801 1572 oppugnant
819 1484 1030 1555 veritatem:
1056 1486 1100 1555 ad
1119 1484 1323 1563 hareses&
1342 1492 1452 1584 vitia,
1471 1494 1536 1566 de·

225 1570 465 1669 pravatusque
488 1574 677 1645 hominum
702 1575 896 1652 censendos
912 1604 1019 1676 atque
1038 1584 1273 1680 corrigendos
1291 1613 1421 1662 mores.
1466 1590 1538 1665 His

226 1671 275 1743 de
290 1670 401 1743 caufis
417 1670 543 1744 landae
563 1671 762 1764 Scripturae
780 1673 964 1749 scientiam
981 1701 1069 1748 auro
1079 1679 1117 1748 ἃ
1129 1687 1284 1772 gemmis
1299 1687 1410 1778 longe
1420 1691 1536 1781 magis

226 1768 464 1866 expetendam
491 1766 583 1840 effe:
620 1766 770 1868 ejusque
793 1772 980 1865 disciplina
1000 1794 1109 1841 omne
1135 1778 1322 1846 hominum
1349 1802 1462 1870 genus
1487 1784 1534 1854 ad

227 1889 499 1963 praeceptorum
525 1869 688 1940 omniurn
706 1865 990 1941 observationem
1004 1866 1162 1955 erudiri,
1185 1870 1230 1942 ad
1248 1874 1324 1967 eius
1341 1870 1533 1947 lectionem

228 1962 403 2038 assuefieri
429 1986 610 2063 oportere.
658 1966 745 2039 Nec
769 1963 858 2036 vero
882 1966 1074 2061 quicquam
1100 1962 1171 2039 else
1194 1968 1404 2042 tentandum
1431 1991 1537 2046 extra

229 2064 408 2138 cancellos
433 2064 533 2137 verbi
559 2065 655 2156 Dei,
685 2064 745 2134 cui
770 2085 838 2135 nec
861 2061 1131 2163 adjungendum
1148 2064 1308 2166 aliquid,
1333 2093 1400 2142 nec
1417 2067 1538 2142 detra-

229 2162 388 2236 hendum
414 2167 564 2238 omnino
592 2161 655 2234 fit:
689 2183 736 2234 ne
759 2184 832 2260 qua
850 2162 924 2237 Dei
938 2162 1200 2238 animadversio
1218 2170 1255 2239 iu
1272 2190 1362 2261 nor,
1386 2187 1449 2240 aut
1468 2167 1538 2240 im·

230 2259 389 2358 postoria
406 2289 501 2337 noxa
518 2263 676 2335 maximo
692 2258 882 2336 hominum
900 2261 1137 2339 incommodo
1154 2263 1404 2362 consequatur.

230 2363 270 2411 ⁰²
283 2362 358 2498 ⁰²⁰]
388 2365 443 2438 Ex
462 2362 621 2460 ejusdem
633 2361 834 2458 Scripturae
851 2359 1040 2461 disciplina
1052 2360 1295 2456 confitemur,
1311 2365 1348 2436 &
1359 2359 1540 2439 credimus

229 2431 310 2481 m
385 2465 546 2536 inunum
559 2463 703 2552 Deum,
722 2460 888 2550 Patrem,
903 2462 1039 2537 Frlium
1050 2463 1088 2534 &
1099 2461 1276 2558 Spiritum
1285 2458 1540 2553 {auctumni-

231 2561 514 2638 busdistinuum
526 2561 703 2657 personis,
720 2554 909 2631 leucadem
920 2583 1010 2652 una,
1029 2559 1228 2654 spirituali,
1247 2558 1438 2655 aequabili,
1458 2582 1540 2653 per·

232 2684 365 2760 petua,
384 2659 524 2734 nullum
540 2679 655 2750 neque
668 2655 910 2751 principium,
927 2658 1252 2753 nequedivinitatis
1260 2660 1397 2731 exitum
1408 2656 1543 2726 haben·

232 2780 272 2834 te
292 2758 438 2833 essentia
454 2754 668 2851 praeditum:
695 2754 759 2840 qui
777 2756 933 2825 maxima
948 2754 1114 2845 potentia
1131 2753 1211 2841 sua,
1237 2749 1453 2839 infinitaque
1471 2749 1540 2815 bo·

233 2861 347 2931 nitate
364 2854 493 2927 crearit
511 2850 653 2936 omnia,
678 2845 794 2939 easque
810 2862 980 2939 vegetet,
1006 2864 1171 2932 tueatur,
1198 2847 1237 2914 &
1254 2841 1453 2914 conservet.
1488 2842 1539 2915 Et

233 2973 432 3050 quanquam
456 2941 627 3036 Maiestas
644 2941 721 3030 ejus
738 2939 789 3009 est
807 2936 913 3032 plane
932 2956 1051 3028 tauta,
1077 2955 1118 3006 ut
1134 2959 1213 3010 eam
1232 2940 1269 3008 in
1286 2938 1352 3009 hac
1372 2935 1540 3012 humana:

231 3051 320 3124 vitae
349 3048 450 3134 luce,
485 3034 710 3131 cogitatione
735 3033 836 3105 nullo
863 3033 974 3107 modo
997 3031 1165 3129 consequi
1184 3031 1352 3132 possimus
1370 3037 1540 3130 (quicun-

232 3166 303 3244 que
326 3144 420 3214 enim
446 3158 521 3209 earn
541 3130 754 3228 investigare
771 3131 876 3231 supra
892 3129 1023 3207 sortem
1043 3134 1209 3206 humanae
1229 3133 1471 3225 conditionis,
1496 3138 1541 3211 ad

233 3240 418 3343 ipsimque
435 3253 665 3335 perrumpere
682 3233 895 3325 conabitur,
921 3232 1039 3330 gloria
1055 3234 1132 3328 ejus
1150 3236 1393 3332 opprimetur)
1421 3254 1541 3307 tamen

233 3343 345 3415 inanis
372 3329 733 3436 praestantissimarum
762 3356 880 3405 rerum
907 3330 1121 3405 testimoniis
1147 3333 1185 3406 ὃ(
1204 3333 1403 3430 infignibus
1421 3331 1542 3404 relicta

234 3435 388 3512 nonest.
426 3431 628 3509 Invisibiles
646 3433 741 3504 enim
762 3432 832 3503 Dei
851 3426 1030 3521 actiones,
1055 3425 1204 3525 eiusque
1220 3433 1334 3503 virtus
1351 3431 1389 3504 ἃ
1408 3430 1541 3500 diuini-

233 3557 287 3612 tas
312 3533 553 3622 immortalis,
587 3531 703 3604 oculis
728 3531 839 3601 animi
866 3528 972 3602 facile
999 3527 1240 3623 subjiciuntur
1266 3528 1353 3603 clam
1380 3551 1424 3600 ex
1444 3526 1542 3601 orbis

233 3633 389 3710 universi
416 3629 696 3721 constitutione,
730 3651 776 3701 ex
799 3628 1037 3700 harmonia&
1057 3626 1153 3719 quasa
1172 3651 1375 3718 concentu,
1401 3625 1544 3699 conser-

233 3733 379 3809 vatione
394 3730 716 3825 deniqucomnium
728 3751 869 3815 rerum,
887 3750 972 3822 quas
981 3726 1202 3818 admirabili,
1221 3729 1257 3801 &
1270 3725 1545 3819 incomprehen-

245 3830 274 3840 ”
347 3827 501 3904 consilio
519 3827 581 3900 luo
600 3826 637 3901 ὃ(
658 3825 826 3924 sapientia
844 3828 1002 3920 creavit,
1028 3822 1308 3900 confiderantur.
1344 3821 1546 3897 lllustratur

1454 3939 1546 4015 quo·
