3322 4456
235 344 306 442 ¹84
362 336 744 418 HISTORIA
785 332 1231 413 levandum
1276 339 1528 439 Journhus.

232 466 454 567 praepostere
472 487 703 566 pervertunt,
729 463 828 562 ligna
844 489 912 561 pro
927 462 1033 539 rebm
1048 467 1266 559 accipiente
1281 486 1388 565 atque
1403 471 1529 543 colen·

234 586 288 639 tea
312 566 444 651 etiam,
479 566 592 636 nihilo
618 563 691 636 fere
716 564 859 634 meliori
885 564 1044 654 ratione,
1076 582 1184 655 quam
1202 561 1229 634 fi
1245 568 1325 658 quia
1341 567 1530 660 hederam,

234 684 317 830 qux
341 661 499 733 tabernae
524 663 669 733 vinariae
692 659 931 755 appenditur,
953 658 1126 756 exsugat,
1147 660 1243 732 suam
1261 662 1346 733 hinc
1366 660 1460 735 fitim
1477 664 1531 736 le·

260 776 403 843 aturur;
438 781 504 830 nec
522 759 664 831 interim
682 778 800 828 tamen
816 756 1021 847 tabernam,
1048 754 1112 827 ubi
1129 758 1253 828 vinum
1271 756 1346 849 est,
1372 760 1532 856 ingredi·

236 876 309 927 tur.
342 851 453 928 Tertio
469 854 597 927 deinde
613 853 688 926 usui
706 849 948 943 subserviunt,
964 873 1005 925 ut
1022 853 1067 924 ad
1084 854 1244 946 publicas
1262 854 1410 928 Gratias
1424 879 1461 928 at
1487 879 1532 928 ue

236 950 465 1049 Doxologina
490 951 574 1024 Deo
599 946 817 1023 benefadtori
843 950 1018 1044 agendas,
1047 946 1209 1021 fidelium
1226 953 1363 1024 animos
1379 951 1447 1025 exs
1477 954 1531 1026 ci·

235 1068 327 1121 tent.

282 1140 506 1243 Responsum
523 1139 636 1235 igitur
654 1137 849 1212 MORUS
869 1157 969 1229 parat
983 1134 1198 1209 adolescenti
1217 1146 1307 1232 (quo
1316 1147 1535 1242 nomineper

236 1260 355 1315 totum
376 1239 536 1313 libellum
554 1232 585 1305 F
586 1235 733 1331 rytlrum
752 1234 955 1331 appellitat)
972 1231 1030 1306 sed
1047 1234 1118 1324 ira,
1135 1253 1178 1304 ut
1195 1233 1326 1306 librum
1341 1239 1446 1311 semel
1455 1244 1533 1315 edi·

236 1357 314 1411 turn
341 1360 383 1408 ac
436 1333 558 1405 ublico
576 1328 777 1422 ostensum,
802 1355 888 1403 mox
906 1329 1034 1404 deinde
1050 1354 1072 1400 a
1088 1331 1206 1425 typis,
1231 1334 1399 1405 omnibus
1417 1339 1535 1412 modia

237 1451 375 1505 curaret
407 1424 707 1524 opprimendum,
734 1423 882 1501 sortaffrt
899 1452 944 1501 ne
959 1427 1003 1499 ad
1021 1427 1052 1498 F
1054 1427 1152 1522 rythl
1167 1450 1291 1501 mauut
1307 1430 1369 1503 ille
1385 1431 1532 1504 deveni·

236 1546 313 1612 ret,
342 1530 393 1596 At
411 1547 497 1597 vero
516 1522 757 1621 Frythutjam
778 1544 854 1596 tum
875 1526 911 1596 in
929 1546 1107 1598 carcerem
1126 1522 1356 1621 compedes,
1372 1531 1450 1626 ejus
1468 1555 1533 1604 co·

237 1623 331 1718 piam
358 1620 532 1716 adeptor,
567 1620 619 1690 illi
645 1618 834 1715 respondet
859 1622 988 1692 iterum
1009 1620 1082 1712 (a),
1115 1620 1206 1692 nihil
1230 1629 1533 1720 praetermittens,

237 1717 339 1815 quod
367 1717 409 1788 ad
443 1715 638 1788 absolutam
662 1717 738 1813 ejus
765 1717 815 1788 rei
842 1714 1154 1810 pertradtatiouem
1180 1718 1365 1813 quisquam
1393 1720 1531 1794 defide-

235 1810 452 1909 rare'polset
517 1812 554 1883 δι
581 1811 717 1884 illustre
742 1811 905 1906 praebent
929 1814 1189 1884 documentum
1216 1834 1353 1908 quanto
1379 1814 1532 1890 validior

236 1909 428 1984 mendaciis
455 1863 498 1979 lit
522 1908 663 1981 veritat.
680 1905 736 1999 (b)
780 1909 911 1981 Morus
936 1911 1031 1981 enim
1057 1930 1186 2004 magna
1205 1930 1288 1980 cum
1307 1909 1532 2006 eloquentia,

237 2006 396 2105 Frythur
421 2026 507 2076 vero
526 2000 736 2101 simpliciter
754 2004 791 2078 &
811 2002 883 2078 line
898 2003 1054 2077 artificio
1071 2003 1275 2098 scripserat,
1302 2006 1340 2080 δι
1358 2027 1534 2080 ettamen

236 2102 329 2175 inter
351 2099 465 2175 libror
491 2097 571 2172 illos
591 2099 643 2174 est
660 2097 883 2193 differentia,
908 2120 952 2176 ut
968 2103 1030 2196 qui
1046 2101 1128 2175 illos
1145 2100 1309 2192 confert,
1335 2102 1440 2177 facile
1456 2107 1532 2178 ani·

236 2197 457 2289 maduerat,
490 2202 585 2272 illum
602 2196 823 2311 ingeniosum
842 2196 911 2273 elle
926 2199 1030 2273 malae
1048 2197 1161 2271 caulae
1179 2196 1420 2291 defensorem,
1448 2201 1535 2274 hunc

236 2318 323 2370 vero
352 2293 548 2393 simplicem
575 2298 735 2371 veritatis
759 2295 975 2372 affertorem.
1014 2298 1259 2390 Praeterquam
1278 2299 1375 2394 quod
1393 2299 1534 2395 Frytho

235 2391 366 2469 deesset
393 2393 566 2490 quidquid
594 2392 638 2468 ad
662 2394 891 2489 scriptionem
911 2395 1128 2492 requiriturr
1158 2392 1245 2467 Erat
1264 2398 1397 2470 carceri
1416 2396 1534 2468 inclu-

235 2491 312 2584 sut,
330 2491 474 2566 deerant
492 2490 596 2583 libri,
615 2494 889 2591 necquicquam
908 2491 951 2567 ad
968 2517 1090 2568 manus
1109 2487 1283 2605 habebat,
1302 2514 1533 2591 praeternon·

236 2592 349 2664 nullae
377 2591 475 2686 priua
502 2588 669 2664 colledat
694 2592 965 2679 annotationer,
1001 2591 1086 2682 quin
1113 2589 1211 2680 imo,
1240 2592 1373 2664 catenis
1391 2594 1440 2662 ita
1458 2611 1535 2661 erat

235 2705 423 2775 oneratur,
449 2703 490 2755 ut
509 2688 571 2755 vix
591 2688 782 2756 commode
800 2683 916 2755 sedere
934 2685 1106 2775 potuerit.

285 2778 372 2849 Erat
396 2801 482 2848 vero
501 2777 537 2847 ὃ(
559 2780 628 2847 hoc
647 2779 682 2845 in
701 2776 873 2847 sententia
889 2776 1016 2866 Frythi
1036 2773 1215 2870 peculiare
1230 2776 1306 2864 (c),
1334 2773 1428 2865 quod
1450 2796 1533 2844 een·

237 2872 347 2962 seret,
382 2893 499 2959 „non
526 2869 594 2940 esse
619 2868 832 2939 movendam
856 2867 956 2937 litem
982 2868 1027 2938 de
1050 2866 1160 2938 modo
1180 2868 1377 2959 praesentire
1397 2868 1533 2941 Christi

238 3018 265 3063 „
293 2965 327 3037 in
354 2964 594 3046 sacramento;
631 2960 915 3055 qualemcunque
938 2961 1045 3034 etiam
1071 2960 1150 3058 quis
1172 2961 1215 3032 de
1234 2987 1277 3035 eo
1296 2960 1434 3036 foveret
1452 2972 1533 3061 opi·

237 3112 265 3161 5,
291 3062 458 3152 nionem,
483 3056 547 3129 nist
566 3079 665 3129 error
681 3052 874 3128 accedente
891 3053 1099 3132 adoratione
1115 3058 1342 3154 degeneraret
1361 3065 1397 3132 in
1416 3060 1532 3134 idolo·

238 3160 265 3258 ,',
292 3160 450 3251 latriam,
471 3153 591 3253 licque
608 3150 771 3229 evaderet
790 3149 987 3249 praeiens,
1006 3155 1153 3253 perinde
1171 3153 1261 3244 else3
1273 3210 1300 3251 „
1331 3158 1386 3232 Ut
1403 3160 1532 3232 exinde

1455 3260 1533 3329 col·

239 3368 716 3521 „lllllllllrll‘ll
733 3365 820 3531 Ἣ
838 3367 1101 3518 illailla?
1118 3371 1350 3517 ‘ll'rllil
1368 3371 1533 3520 <silli

237 3499 448 3640 apographum
476 3497 679 3634 pullinodqm
698 3470 874 3600 &rainnero
891 3534 982 3637 suerit
1000 3473 1164 3637 nnumin,
1196 3502 1297 3618 qui’ln
1315 3475 1381 3601 sud³
1388 3475 1534 3634 adversus

237 3619 1533 3786 lltdllllnllllltlilr,ll-llll,lllllllllllflltirllilzr

236 3788 278 3853 im
304 3784 415 3851 rollum
434 3786 511 3850 illud
529 3786 670 3866 scripturn
689 3786 835 3867 A.1573.
860 3789 937 3850 inter
953 3788 1070 3869 reliqua
1087 3786 1153 3867 ejus
1172 3789 1286 3870 Opera.

278 3808 330 3948 ssi)
356 3866 573 3934 llURNE'l'.
594 3868 671 3933 lllll.
689 3866 760 3932 Κατ’.
790 3868 828 3932 L.
848 3869 890 3933 ll.
913 3868 972 3935 sol.
991 3887 1043 3952 97.

281 3956 330 4031 (e)
359 3950 574 4019 llURNE'l'.
596 3956 615 4015 1.
634 3974 662 4016 c.
687 3952 744 4015 l'ol.
760 3948 811 4031 98.
