3322 4456
772 317 908 418 (151.)

187 453 226 530 iu
251 477 297 530 eo
323 448 421 551 spem
447 466 591 527 omnem
616 446 772 525 mestrem
798 448 1078 543 constituemus,
1113 448 1167 524 ilii
1186 466 1249 525 noe
1268 469 1368 528 totos
1385 468 1489 526 eom·

186 554 385 627 mittamus.
425 553 621 625 Neminem
643 570 775 661 praeter
794 548 906 660 ipsum
927 547 1137 640 timeamus,
1162 547 1282 643 ficiet
1300 553 1488 648 negotium

183 646 1132 840 isitii.&assistitisisit.-'izii
1150 641 1489 840 sitistis&

183 849 345 919 Animam
361 849 397 916 in
415 843 603 917 Geheeeem
620 849 716 940 ignis.
743 842 855 913 Matr.
875 862 908 935 5.
935 840 1069 934 Neque
1087 859 1205 911 temen
1224 841 1356 914 servilis
1376 845 1489 917 timue

184 940 253 1012 eise
270 942 397 1030 debet,
424 938 657 1031 redimetur,
682 960 813 1034 purus,
838 934 1162 1028 reverendissimus,
1181 960 1252 1008 non
1269 936 1484 1036 aliterquam

183 1034 500 1133 obsequiosissimus
526 1037 640 1110 Filius
666 1033 935 1108 amentissimum
963 1035 1062 1107 suum
1092 1032 1231 1106 Patrem
1258 1036 1374 1107 timet.
1417 1039 1483 1108 Pr·

183 1151 276 1206 trem
303 1154 397 1207 amat
420 1157 464 1205 ex
489 1135 622 1206 animo.
665 1130 862 1206 Offeudere
879 1133 1030 1225 metuit,
1056 1133 1137 1226 quie
1155 1150 1262 1204 amat.
1299 1133 1354 1208 „Et
1374 1132 1396 1203 fi
1418 1134 1485 1206 eii·

183 1230 328 1326 quando
353 1230 566 1324 deliquerit,
591 1254 611 1301 a
628 1231 821 1303 Patremon
838 1229 1029 1320 abhorret,
1055 1228 1114 1299 sed
1130 1232 1283 1301 eundem
1301 1229 1487 1305 humiliter

209 1328 299 1418 etit,
317 1347 360 1399 ut
378 1329 516 1400 veniam
537 1328 718 1423 impetret.
745 1326 883 1400 Eodem
904 1327 1013 1398 modo
1025 1325 1260 1421 &diligamus
1275 1351 1337 1399 nos
1349 1328 1483 1402 Deum.

260 1424 375 1497 bonus
402 1423 544 1518 quidem
571 1425 632 1496 hic
659 1424 783 1515 Deus,
817 1448 861 1496 ne
891 1423 994 1495 fimus
1020 1423 1230 1495 Voluntatis
1248 1427 1324 1518 ejus
1344 1427 1486 1522 igniri,

179 1521 268 1592 vitae
287 1521 426 1617 tegulas
445 1522 605 1594 tradidit.
634 1521 774 1594 Docuit
792 1544 856 1595 not
875 1523 948 1594 vies
966 1524 1075 1612 vitae,
1102 1541 1175 1591 non
1195 1521 1299 1616 hujus
1319 1541 1485 1616 tantum,

178 1605 237 1690 sed
258 1619 377 1711 potius
395 1633 553 1691 aeternae.

227 1714 364 1810 Neque
389 1715 505 1788 multe
528 1715 608 1787 sunt
626 1715 837 1812 Praecepte,
872 1712 928 1788 sed
947 1713 1020 1785 duo
1039 1731 1204 1800 tentum,
1243 1717 1293 1787 Ur
1312 1711 1423 1788 Derim
1439 1736 1483 1790 ee

178 1824 249 1884 tete
274 1816 369 1886 cerie
392 1815 535 1910 diligas,
568 1813 606 1887 δι
632 1815 833 1887 Proximum
846 1819 935 1906 ficut
963 1809 1133 1907 Teipsem,
1168 1812 1204 1883 id
1222 1812 1319 1907 quod
1338 1815 1387 1885 est
1409 1814 1479 1885 Di·

177 1905 342 1984 lectionis
375 1913 521 1983 tertium
549 1933 674 2007 genus.
724 1909 836 1983 Visne
861 1911 949 1982 seire
973 1930 1126 2007 quonam
1156 1910 1261 2003 patio
1285 1912 1404 1983 Deum
1423 1910 1482 1983 di·

176 2003 291 2100 liges?
327 2005 543 2078 Pauciffimis
571 2007 687 2078 verbis
712 2007 821 2081 docet
842 2007 1021 2081 Christus.
1046 2011 1086 2082 Si
1103 2009 1244 2104 diligitis
1261 2029 1311 2080 me
1331 2011 1480 2103 (inquit)

177 2103 353 2174 Mendesii
372 2127 444 2173 mee
456 2107 603 2192 fervete.
624 2103 710 2194 ioh.
725 2126 780 2194 14.
806 2105 882 2175 Hic
901 2104 1036 2175 Labor.
1063 2104 1199 2196 Neque
1214 2105 1483 2198 prodestomnis

178 2193 303 2286 lebor,
337 2195 401 2266 nifi
421 2197 601 2294 diligatis.
632 2199 744 2268 Hinc
770 2220 849 2267 oret
876 2200 1069 2293 Propheta.
1113 2199 1235 2294 Dirige
1255 2207 1378 2296 greffus
1396 2224 1483 2279 meet

178 2295 216 2364 in
231 2293 363 2389 semitis
380 2297 467 2383 teir,
494 2311 532 2365 et
549 2318 612 2364 nen
628 2310 824 2366 meveantur
839 2294 977 2390 vestigia
995 2317 1080 2366 mee.
1123 2296 1229 2366 Item.
1249 2299 1380 2388 Greffies
1396 2322 1484 2374 meos
1599 2313 1603 2318 ’

178 2391 285 2488 dirige
294 2389 470 2485 secundem
488 2391 666 2485 Eloquium
682 2409 790 2463 tuem.
815 2392 859 2462 lu
878 2393 942 2463 hac
961 2412 1068 2488 prece
1085 2388 1215 2464 soliciti
1233 2392 1358 2485 simus,
1379 2405 1480 2482 (eum

177 2491 384 2585 neutiquam
411 2484 542 2562 sufficit
570 2486 686 2558 nostra
712 2485 964 2581 Imbeciliitas,
997 2508 1039 2561 ut
1068 2488 1338 2562 DeiMmdate
1364 2489 1479 2566 serve⁴

179 2585 274 2671 mus)
300 2606 341 2656 ut
368 2585 565 2679 dirigamur
591 2587 628 2656 in
656 2585 790 2666 Deum.
834 2586 926 2666 Sunt
952 2605 1069 2657 temen
1087 2587 1191 2658 multi
1210 2587 1332 2659 civiles
1352 2611 1479 2664 mores.

180 2678 327 2752 Nature
343 2680 520 2771 docente,
545 2704 634 2776 quot
652 2683 821 2779 praecipit
839 2703 982 2778 quoque
1002 2684 1122 2774 Deus,
1140 2686 1202 2779 qui
1216 2688 1252 2756 in
1267 2684 1387 2756 nostro
1401 2685 1480 2762 sunt

179 2775 330 2852 arbitrio
349 2778 386 2853 ὃ(
407 2777 581 2874 potestate
600 2800 642 2851 ut
658 2777 839 2852 siciamus.
868 2779 925 2852 Ab
943 2781 1012 2852 iilis
1030 2780 1090 2875 qui
1109 2779 1141 2853 se
1159 2781 1324 2855 excusare
1338 2786 1478 2882 potest,

179 2876 298 2950 nulius
324 2875 385 2951 est.
429 2877 507 2971 Qui
533 2877 646 2974 igitur
671 2900 710 2948 ea
733 2899 917 2974 precepta
934 2900 1006 2950 non
1024 2876 1132 2972 facit,
1159 2905 1229 2952 non
1246 2880 1379 2975 servet,
1405 2886 1477 2982 dig·

178 2978 323 3069 eifflrees
339 2977 381 3070 est
400 2982 457 3071 qui
475 2979 614 3070 vapulet
628 2980 765 3050 meltis:
784 2976 887 3049 Luce
902 3002 954 3050 η.
980 2977 1097 3075 Cujus
1113 2981 1251 3074 generis
1268 2979 1370 3069 sunt,
1391 3005 1479 3077 pro·

179 3078 281 3146 ximo
307 3097 380 3145 non
408 3096 559 3168 nocere,
591 3074 666 3172 ejus
692 3075 786 3146 bona
811 3075 942 3171 injuste
967 3097 1039 3148 non
1066 3078 1224 3169 auserre,
1252 3076 1385 3152 furtum
1406 3104 1479 3151 non

177 3167 307 3244 secere.
343 3170 540 3243 Neminem
568 3171 655 3243 dolo
682 3172 868 3267 decipere,
904 3171 991 3246 saiso
1009 3173 1158 3247 crimine
1176 3198 1248 3245 non
1268 3198 1414 3270 urgere,
1443 3177 1479 3249 id

177 3267 276 3360 quod
294 3269 505 3363 cumprimis
524 3268 675 3367 impium
693 3267 765 3359 est,
792 3271 864 3344 dte.
893 3268 1099 3364 Praeposrtis
1117 3269 1273 3342 obedire.
1310 3273 1404 3342 Hoec
1423 3292 1476 3343 et·

178 3366 297 3456 enim,
333 3366 370 3440 dt
398 3365 433 3438 id
460 3389 572 3464 genus
598 3367 664 3438 elia
683 3367 818 3458 multa,
844 3366 1000 3439 hominis
1018 3365 1088 3459 ipso
1106 3384 1228 3438 natura
1246 3368 1365 3441 docet.
1408 3369 1479 3443 Sed
1556 3416 1560 3421 -

178 3460 367 3560 postquam
399 3464 573 3538 &eadem
593 3466 654 3537 suo
676 3465 842 3538 mandato
860 3462 1057 3538 firmaverit
1077 3463 1200 3556 Deus,
1226 3469 1326 3538 omni
1344 3487 1480 3541 conatu

83 3643 86 3645 ‚
177 3581 221 3634 ut
247 3561 445 3654 servemus,
479 3565 730 3637 elaborandum
757 3563 820 3637 est.
864 3563 915 3636 Et
941 3561 1006 3636 nifi
1034 3561 1175 3660 quidem
1204 3561 1477 3659 servaverimus,

177 3660 309 3732 erimus
328 3659 432 3756 plane
451 3660 551 3758 digni
571 3660 788 3734 multimodo
806 3659 997 3756 supplicio.

225 3758 338 3850 Quod
355 3779 473 3830 autem
493 3759 604 3857 adjeci
625 3763 717 3834 inter
734 3761 820 3855 alia,
848 3758 1052 3858 Praepositis
1069 3757 1305 3832 obediendum
1317 3756 1405 3850 effe,
1423 3760 1480 3832 di-

178 3855 351 3957 ligentem
371 3859 574 3932 cautionem
594 3858 783 3934 habeamus
801 3877 970 3956 oportet,
995 3876 1037 3933 ut
1054 3857 1108 3933 iiii
1125 3857 1364 4026 obedientiapp
1384 3879 1481 3951 prae·

1360 3972 1483 4052 emus,
