3322 4456
753 295 885 393 (200.)

176 431 214 503 in
233 418 371 504 caeteris
389 425 543 523 negotiis
560 423 762 517 illiberalis,
795 426 958 525 &digna
976 424 1062 499 odio
1080 420 1287 522 sophistica,
1314 418 1394 497 alim
1414 449 1488 501 ve·

177 525 220 598 rb
241 529 395 597 maxime*
415 524 581 622 fugienda
600 525 635 593 in
656 522 910 618 religionibus,
936 527 972 594 in
991 525 1118 620 quibus
1137 525 1298 616 impietas
1317 523 1368 593 est
1384 522 1492 596 sum·

178 646 257 710 rna,
278 622 805 716 corrumpere&contaminare
823 621 982 695 coelestia
1002 617 1105 692 diua.
1127 622 1252 715 Itaque
1270 618 1313 690 ab
1332 620 1408 691 hoc
1427 645 1493 693 ar·

179 719 296 793 tificio
325 720 497 791 Diabolus
523 741 656 789 nomen
679 716 805 803 habet,
849 720 911 814 qui
930 718 1212 788 cavillationibus
1231 719 1265 788 dt
1286 715 1496 814 praestigiis

178 818 319 889 excutit
346 814 550 887 hominibus
576 813 723 885 verbum
753 814 838 885 Dei.
872 816 950 887 Cur
974 813 1143 908 Episcobi
1163 837 1233 883 non
1253 811 1413 906 ingenue
1433 815 1497 887 fa·

179 931 301 984 teutur
318 911 350 984 se
369 911 541 983 dnslrinae
561 911 598 983 ὃ(
617 910 778 982 cultuum
796 911 1077 1005 emendationem
1097 911 1227 980 nullam
1240 907 1498 1003 permissuros,

179 1010 263 1103 quia
292 1008 333 1079 fit
360 1007 608 1080 labefaslatura
634 1009 789 1101 ipsorum
819 1009 1053 1104 dignitatem,
1087 1031 1172 1102 opes
1198 1008 1235 1077 &
1252 1004 1500 1100 voluptates?

180 1104 258 1176 Cur
284 1106 407 1177 caeteri
426 1129 513 1196 quos
535 1104 663 1175 habent
683 1102 910 1200 suffragantes
929 1128 1001 1174 non
1019 1101 1142 1198 aperte
1161 1103 1308 1191 dicunt,
1342 1100 1379 1172 se
1399 1106 1500 1177 reti·

178 1224 263 1273 nere
281 1200 486 1295 praesentem
506 1198 658 1271 formam
682 1201 853 1271 Ecclesiae
872 1221 1020 1296 propter
1038 1201 1252 1289 utilitatem,
1279 1200 1500 1295 tranquilli·

62 1308 67 1315 '
179 1318 289 1370 tatem
311 1299 348 1370 ὃ(
368 1295 602 1391 splendorem.
635 1297 731 1368 Haec
751 1296 874 1385 fateri,
900 1296 984 1368 esset
1002 1298 1037 1367 in
1066 1297 1215 1366 enuitas.
1243 1296 1379 1385 Nunc,
1400 1297 1502 1371 dum

181 1392 345 1465 simulant
373 1393 526 1464 studium
557 1394 716 1464 veritatis
745 1394 781 1467 ὅ(
810 1395 973 1486 pietatis,
1009 1319 1186 1486 effingunt
1213 1393 1331 1487 inepta
1348 1390 1505 1487 sophis-

181 1502 298 1582 mata,
335 1491 371 1564 δε
400 1509 518 1562 tamen
545 1490 767 1561 voluntatem
798 1489 969 1585 produnt.
1015 1490 1099 1560 Nec
1117 1489 1333 1583 sophismata
1353 1489 1420 1560 illa
1439 1512 1502 1564 te·

180 1607 275 1683 gunt
300 1610 455 1675 errores,
490 1587 569 1659 sunt
596 1589 689 1657 enim
717 1585 792 1657 falli
822 1587 985 1682 &impii
1017 1586 1172 1656 Articuli
1200 1587 1243 1656 in'
1261 1585 1325 1655 illo
1343 1585 1503 1683 edisio,

181 1685 409 1779 quantumvis
427 1681 583 1778 speciose
603 1681 790 1778 propositi.
826 1683 950 1774 Quare
968 1681 1164 1776 optandum
1184 1702 1258 1753 erat
1278 1681 1504 1780 Episcopo,

180 1779 375 1851 meminisse
394 1779 577 1850 coelestem
597 1779 912 1866 comminationem
931 1778 1026 1874 apud
1046 1777 1208 1872 Esaiam,
1239 1781 1302 1852 Vae
1321 1782 1422 1853 uobis
1441 1789 1508 1877 qui

180 1878 262 1971 leges
287 1879 418 1969 iniquas
445 1876 595 1947 conditis.
638 1874 886 1973 Quidfacietis
903 1883 938 1948 in
954 1877 1007 1946 die
1026 1878 1260 1969 Visttationis,
1287 1877 1330 1957 {ai
1350 1882 1506 1952 calani·

182 1979 271 2044 tatis
289 1990 460 2061 venture,
488 1971 558 2053 &a
586 1972 627 2043 V
622 1995 649 2041 ae
666 1977 724 2067 qui
740 1975 851 2045 dicitis
869 1977 991 2045 malum
1008 1970 1124 2044 bonum
1143 1974 1215 2054 &a

228 2066 378 2139 Accedo
406 2069 519 2164 igitur
545 2066 588 2139 ad
611 2090 664 2140 res
683 2068 781 2162 ipsas.
827 2070 891 2143 Ne
918 2072 967 2141 ari
987 2092 1059 2139 non
1079 2067 1219 2164 potest,
1245 2068 1436 2143 diuturnas
1457 2073 1507 2150 δε

182 2160 373 2237 horribiles
399 2165 560 2237 tenebras
587 2165 623 2235 in
645 2163 806 2238 Ecclesia
823 2091 937 2238 suidge.
979 2165 1211 2237 Traditiones
1230 2165 1398 2238 humanae
1419 2192 1506 2245 non

163 2257 322 2334 ‘tantiam
350 2260 493 2334 suerunt
521 2259 728 2333 carnificina
755 2263 894 2355 piarum
916 2264 1114 2351 mentium,
1140 2261 1220 2352 sed,
1248 2262 1345 2356 quod
1361 2262 1417 2334 est
1436 2266 1505 2337 in-

180 2357 345 2455 dignius,
372 2359 517 2430 fuerunt
536 2359 655 2430 cultus
673 2358 923 2451 multipliciter
941 2357 1074 2430 vitiofi.
1110 2359 1223 2430 Erant
1242 2377 1347 2448 vota,
1373 2359 1503 2434 dona·

181 2456 234 2527 ria
259 2457 504 2552 templorum,
547 2455 718 2543 vestitus,
753 2455 919 2528 ciborum
947 2453 1125 2545 deledlus,
1160 2455 1375 2549 battologiae
1404 2479 1505 2550 pre-

111 2574 114 2578 ’
181 2575 288 2645 eum,
323 2553 578 2650 indulgentiae,
615 2552 726 2625 honos
745 2550 956 2644 statuarum,
986 2551 1196 2624 colebantur
1215 2549 1319 2625 saneti
1337 2555 1505 2629 manife-

181 2647 232 2745 sta
249 2649 472 2740 idololatria,
492 2648 747 2746 ignorabantur
764 2651 839 2721 veri
857 2649 976 2723 cultus
996 2649 1090 2739 Dei,
1115 2649 1152 2722 δί
1172 2672 1253 2720 vera
1266 2672 1388 2744 opera.
1417 2651 1507 2727 De·

180 2746 288 2840 nique
315 2771 442 2842 magna
469 2746 663 2818 fimilitudo
687 2765 761 2816 erat
780 2746 1014 2818 Ethnicarum
1033 2744 1260 2840 religionum.
1306 2744 1356 2819 Et
1375 2748 1505 2822 Romae

180 2841 296 2914 adhuc
315 2842 384 2913 est..
416 2843 503 2912 Erat
523 2843 649 2935 ignota
666 2841 828 2913 doslrina
846 2865 927 2912 vera
948 2844 1007 2912 De
1023 2843 1261 2938 poenitentia,
1290 2843 1351 2914 De
1368 2845 1505 2920 remis·

181 2935 278 3008 stone
304 2956 558 3030 peccatorum,
593 2958 674 3028 quae
701 2935 773 3007 fide
791 2940 826 3007 in
847 2938 1016 3030 Christum
1034 2940 1238 3035 contingit,
1274 2939 1333 3011 De
1348 2940 1506 3035 justitia

179 3030 286 3124 fidei,
323 3032 381 3103 De
407 3031 610 3101 discrimine
639 3033 747 3125 Legis
775 3033 813 3105 ἃ
834 3034 1045 3130 Euangelii,
1081 3034 1218 3107 Deusu
1239 3038 1503 3114 Sacramento·

178 3151 272 3205 rum.
316 3127 1083 3228 ClavestranssataeetantndTyrannidem
1105 3132 1505 3212 Pontificiamconsti·
1554 3160 1561 3173 ·

178 3227 368 3320 tuendam,
387 3223 496 3323 longe
513 3225 797 3319 anteferebantur
814 3230 975 3324 politicis
993 3228 1121 3302 officiis
1138 3232 1504 3309 ceremoniaehuma·

177 3348 246 3399 nae.
274 3328 331 3398 lld
346 3328 416 3398 hos
433 3348 568 3397 errores
584 3325 777 3400 accedebat
796 3330 870 3400 vita
887 3331 1130 3401 contaminata
1149 3327 1357 3401 libidinibus
1378 3338 1512 3428 propi

177 3442 233 3494 ter
258 3422 374 3518 legem
403 3424 446 3495 de
474 3421 664 3496 coelibatu.
709 3424 767 3494 Ex
798 3428 849 3497 bis
875 3427 1029 3498 tenebris
1050 3424 1150 3496 Deus
1167 3425 1329 3497 nonnihil
1348 3431 1505 3506 evolvit

177 3518 376 3591 Ecclesiam
405 3542 593 3616 repurgata
619 3518 801 3593 dodlrina:
838 3523 1020 3595 fatendum
1046 3521 1095 3592 ell
1124 3524 1217 3595 enim
1238 3548 1310 3595 non
1330 3523 1502 3602 humana

176 3616 365 3712 diligential
391 3617 625 3713 deprehensos
651 3615 719 3688 esse
738 3638 809 3690 tam
829 3621 1043 3708 inveteratos
1060 3642 1213 3708 errores,
1250 3621 1306 3693 sed
1329 3622 1401 3691 Dei
1423 3625 1500 3695 do·

176 3738 261 3788 num
290 3715 339 3789 est
368 3717 446 3788 haec
477 3714 664 3810 Euangelii
693 3715 778 3804 luat,
814 3740 895 3809 qua:
924 3713 1093 3786 Ecclestis
1121 3716 1235 3789 rursus
1262 3716 1397 3790 ostensa
1427 3721 1501 3798 est.

175 3812 275 3888 Nam
297 3814 453 3909 Spiritus
468 3808 605 3884 saeuus
623 3810 1502 3984 vaticinaturpostremistempoributcertamline

1377 3932 1423 3983 VC
1453 3936 1499 3989 e·
