3322 4456
805 296 938 397 (148.)

270 423 354 521 Ego
381 425 506 499 Frater
527 423 679 519 Joannes
708 421 849 515 Sutier,
884 424 989 497 Prior
1012 421 1228 499 Conventirs
1246 426 1532 509 Carmelitatunt

223 519 416 616 Hicchiae,
449 547 533 596 cum
561 520 691 595 assensu
719 524 880 595 omnium
907 523 1073 595 Fratrum
1101 522 1316 599 conventus
1339 529 1535 626 praediobi,

225 639 299 690 non
317 619 460 693 coabbas
479 619 536 692 sed
554 615 682 714 spontb
700 617 895 692 subscribo,
1439 651 1446 666 r

245 765 248 772 ·
275 730 359 829 Ego
386 733 508 806 Frater
536 731 719 804 Eduardus
737 730 876 826 Tryley
896 732 1013 804 Sacrae
1032 733 1252 831 Theologiae
1271 737 1538 814 Baccalaureur

228 827 266 901 δι
286 825 500 903 Conventits
519 829 729 922 Ailsberiae,
748 852 831 901 cum
849 827 978 901 assensu
997 832 1157 903 omnium
1177 835 1344 906 Fratrum
1355 835 1538 910 Conven-

229 920 290 999 ttis
309 927 498 1021 praediOi,
523 951 594 998 non
614 924 757 1000 coaous
774 928 831 1000 sed
850 924 978 1023 sponte
996 927 1192 1004 subscribo.

158 1078 160 1084 ·
236 1043 240 1077 ⁵
276 1039 361 1136 Ego
387 1040 512 1113 Frater
534 1039 687 1130 Joannes
706 1042 864 1137 Wyatt,
891 1040 1008 1114 Sacrae
1025 1042 1246 1140 Theologiae
1267 1045 1407 1119 1)οᾶοῐ
1425 1046 1539 1120 Con·

140 1161 142 1166 ’
229 1135 363 1210 ventris
388 1133 614 1225 Bedsordiae,
650 1132 721 1206 uni
744 1161 828 1210 cum
856 1135 986 1210 assensu
1004 1142 1165 1213 omnium
1184 1142 1374 1236 Fratrum,
1401 1142 1540 1239 sponte

155 1307 160 1313 ,
231 1230 760 1306 hocscrib0&n0ncoauus.
807 1248 810 1253 ’
1533 1255 1536 1260 “

231 1438 234 1453 .
279 1348 365 1445 Ego
390 1348 514 1419 Frater
536 1346 689 1439 Joannes
714 1348 944 1445 Chapmanus
959 1351 1080 1425 'Sacrae
1096 1351 1316 1452 Theologiae
1336 1353 1539 1429 Baccaiau·

230 1468 341 1535 reus,
385 1442 561 1540 Magister
596 1445 793 1519 immeritus
829 1446 1042 1522 Convenuis
1069 1449 1241 1546 Moteae,
1286 1475 1369 1525 cum
1397 1450 1538 1527 assensu

232 1542 392 1642 omnium
411 1541 597 1633 Fratrum,
624 1565 700 1614 mea
718 1541 843 1637 sponte
861 1542 1055 1619 subscribo.

279 1661 365 1731 Alio
382 1657 603 1747 Declarotio,
627 1659 733 1731 eodem
747 1659 838 1746 fine,
855 1651 999 1730 mutatis
1013 1658 1202 1734 Mutandis
1219 1665 1384 1736 adornata
1395 1663 1471 1757 suit
1488 1668 1541 1737 ab

232 1756 395 1848 Antistitr
417 1751 622 1824 Bedfordiae
648 1761 684 1828 ir
709 1754 866 1844 Contio,
899 1756 1039 1827 Ordinis
1063 1759 1179 1828 Sardi
1197 1757 1410 1848 Dominio,
1435 1755 1542 1855 Maji

232 1874 270 1948 4.
294 1872 397 1948 1534.
422 1851 546 1946 Regn.
569 1848 751 1924 Vicesrmo
769 1848 882 1921 sexto.
906 1851 999 1922 Rot.
1017 1847 1154 1922 Clausa.
1209 1937 1212 1941 ,

715 2096 856 2215 Num.
882 2095 1030 2173 XXX.

400 2262 625 2371 Richardi
658 2269 1029 2366 SAMPSON
1045 2271 1140 2392 IS,
1192 2271 1364 2368 Oratio

450 2407 509 2505 de
533 2410 784 2545 Dignitate
798 2417 854 2613 pt
879 2401 1115 2506 Potestate
1139 2411 1322 2544 Regia,
1348 2531 1350 2536 ,

836 2563 972 2639 ·¹535·
1219 2611 1222 2621 ι

240 2790 246 2831 3
337 2741 416 2816 Anc
445 2740 683 2830 Orationem,
718 2733 821 2810 tanto
847 2736 1027 2811 lubentius
1046 2736 1288 2810 Documentis
1303 2735 1431 2808 nostris
1449 2734 1544 2805 inse-

351 2861 427 2912 rere
443 2838 645 2926 voluimus,
665 2834 761 2926 quod
783 2833 842 2904 Cl.
858 2832 1292 2909 SCHELHORNIUS
1311 2833 1346 2900 in
1358 2832 1545 2906 Amoenit.

237 2932 589 3013 Historico·Eccles.
615 2931 665 3000 Τ.
684 2931 715 3000 Ι.
741 2950 822 3022 pag.
845 2950 901 3020 27.
935 2927 1063 2998 diserte
1089 2927 1305 3020 profitetur,
1334 2924 1367 2997 se
1386 2948 1542 3021 magno÷

237 3055 324 3130 pete
342 3030 456 3117 velle,
475 3046 515 3097 ut
536 3026 642 3121 ipsam
658 3023 759 3106 hanc
771 3021 1193 3115 SampsonisOrationetn
1215 3022 1385 3119 inspicere
1400 3024 1542 3118 posset,

237 3148 346 3227 atque
363 3121 593 3224 perlustrate,
612 3122 651 3218 se
667 3126 750 3194 enim
763 3123 894 3210 vereri,
914 3119 1034 3210 (dicit)
1054 3120 1439 3217 utRegmaldusPolos,
1461 3127 1543 3218 (qui

238 3229 277 3311 in
294 3229 418 3324 Opere
433 3221 595 3299 adversus
616 3219 817 3293 Henricum
835 3217 945 3291 Vlls.
963 3217 1119 3315 scripto,
1147 3221 1235 3291 banc
1251 3220 1464 3291 Orationem
1484 3221 1543 3292 in·

239 3327 365 3426 primis
392 3322 582 3408 convellit)
608 3325 644 3394 in
660 3320 801 3416 finguiir
827 3317 957 3390 cordate
975 3341 1047 3390 com
1064 3315 1257 3412 aduersario
1269 3315 1330 3413 suo
1348 3324 1470 3412 egerit,
1487 3325 1542 3410 st·

240 3427 369 3522 quidem
393 3427 444 3494 ita
463 3420 590 3517 frigide
613 3421 768 3512 pleraque
793 3415 862 3501 eius
888 3431 1082 3514 argumenta
1103 3422 1278 3509 proponit,
1303 3431 1341 3485 ot
1359 3414 1542 3508 rodorrsur

232 3522 344 3618 ferme
361 3518 517 3613 destituto
534 3517 715 3590 videantur
731 3516 839 3586 omnio
858 3513 930 3587 διε.

290 3617 514 3690 Exhibemus
538 3623 615 3685 eom
635 3609 720 3685 verb
739 3634 782 3682 ex
800 3610 1016 3684 STRYPH
1035 3606 1263 3683 Collestione
1283 3610 1542 3682 Documento·

239 3737 321 3797 rum
349 3713 393 3786 ad
412 3712 594 3786 Volumen
614 3712 642 3783 Ι.
671 3708 881 3783 Memoriat.
903 3707 1179 3780 Ecciefiasticar.
1199 3732 1297 3780 num.
1317 3707 1447 3778 XLII.
1475 3705 1542 3782 fol.

147 3832 149 3837 ·
246 3826 327 3903 109.
343 3811 439 3912 seqq.
471 3831 585 3908 neque
600 3805 821 3902 diffitemur,
849 3804 1092 3906 saepenumero
1111 3805 1206 3881 haud
1222 3805 1416 3880 admodum
1436 3802 1544 3995 ίὶὲὲιῐιὲ
