3322 4456
153 345 372 439 nunu.
410 355 413 361 ·
457 329 695 406 unu
745 328 870 405 ov
921 330 1041 405 nn
1090 333 1221 406 1.··-··.
1373 342 1449 433 ⁴357

149 462 318 539 Ecclesris
344 454 519 548 dntae..(a)
539 515 542 521 .
562 451 778 523 Erasminnn-
795 453 898 525 Novi
926 453 1150 528 Testamenti
1169 456 1391 555 Paraphmfis
1409 462 1447 533 in

149 561 348 658 Anglicum
372 551 467 626 versa
492 553 691 621 lermonem
711 547 790 639 (b),
824 550 861 622 &
889 545 990 620 fimul
1016 573 1100 623 eum
1120 551 1239 628 Libris
1258 558 1389 631 divinis
1407 561 1445 631 in

150 656 243 731 aedes‘
260 655 370 728 sacras
390 646 535 742 singulis
554 647 591 714 in
609 648 777 737 paroeciis
795 648 918 741 reponi
933 643 1036 743 julla.
1375 676 1399 689 ff

197 752 304 847 Quin
322 751 357 821 ὃ(
378 745 492 820 sanxit
513 742 773 817 Parltmentum
785 784 805 831 ,·
822 761 863 814 ut
882 750 1014 836 pariter
1031 765 1177 834 omnes,
1193 745 1299 818 etiam
1321 747 1448 842 Laici,

146 843 410 923 Eucharistiam
428 839 492 912 l'ub
508 838 595 911 viun
613 857 715 930 aeque
732 859 774 910 ac
792 860 882 932 pane
901 838 952 930 (c)
972 839 1220 934 perciperent,
1245 842 1368 915 Millas
1383 859 1460 917 aua·

151 965 225 1017 tem
244 941 397 1039 privatae
415 955 538 1007 omnes
556 935 613 1021 (d)
638 931 819 1021 abolent,
844 956 952 1026 eaque
969 938 1090 1008 omnin
1103 933 1300 1033 decrevit,
1316 961 1387 1009 non
1405 960 1446 1014 ut

150 1040 250 1134 Regi
270 1038 408 1123 Puero,
434 1050 495 1105 aut
514 1026 735 1119 Prote&ori,
766 1027 799 1107 le
816 1029 1125 1123 accommodnret,
1150 1030 1282 1107 sediua
1298 1033 1446 1130 sponte,

152 1136 190 1210 δι
213 1131 308 1229 quast
328 1129 492 1204 certatim
513 1128 604 1199 inter
620 1123 674 1216 se,
701 1144 893 1220 utrumque
911 1127 1042 1222 Populi
1061 1127 1283 1203 Concilium.
1360 1157 1375 1193 κ
1407 1150 1435 1197 .:.1
1521 1150 1526 1159 ·

199 1228 376 1401 Eguidem
395 1223 625 1298 ·Gardiuerus
651 1222 688 1295 &
709 1221 892 1295 Bonnetur
911 1222 964 1295 his
981 1223 1146 1297 omnibus
1163 1223 1279 1318 palim
1298 1224 1445 1299 obliste·
1506 1297 1509 1303 .

150 1353 211 1419 re,
294 1324 354 1397 ille
371 1320 515 1417 quidem
535 1319 693 1413 majore,
718 1339 823 1412 quam
844 1338 998 1414 unquam
1017 1320 1120 1412 elias,
1147 1321 1344 1395 constantia
1359 1347 1446 1398 cau·

144 1421 308 1593 [aroge
327 1417 510 1516 religionis
527 1434 614 1490 tunc
631 1413 757 1510 agere,
781 1434 889 1511 atque
906 1417 1077 1501 acerrime
1094 1420 1331 1514 contendere,
1354 1420 1446 1494 nilril

142 1535 202 1603 ..αξ
292 1539 376 1614 quae
403 1514 584 1611 Henricua
609 1511 796 1601 sanxerat,
831 1532 984 1607 quaeque
1010 1532 1165 1587 veterem
1190 1537 1447 1593 concernerent

150 1606 391 1711 religionem,
433 1610 564 1686 mutari
596 1625 657 1681 aut
682 1607 808 1687 novari
832 1608 961 1682 debere
986 1610 1059 1699 (e),
1102 1608 1187 1681 dum
1216 1612 1334 1685 minor
1359 1635 1445 1688 natu

147 1714 236 1787 Rex
260 1708 369 1795 effeta
401 1705 459 1779 sed
475 1705 617 1779 fuerunt
635 1703 828 1777 irritatum
846 1704 923 1802 ejus
941 1705 1148 1795 conamina,
1174 1709 1309 1781 tametfi
1331 1710 1447 1808 Regis

146 1808 282 1900 Soror,
311 1805 448 1894 Mario,
474 1802 679 1889 Catharinae
700 1805 912 1898 Arragoniae
931 1801 1044 1894 Filio,
1062 1801 1154 1875 luam
1174 1827 1318 1901 quoque
1336 1808 1446 1880 inter·-

149 1924 300 2000 poneret
326 1901 573 1983 aucloritntem
601 1921 642 1971 ac
660 1900 751 1973 haud
771 1922 895 1995 parum
915 1895 1182 1974 Reformationi
1200 1903 1448 1999 obniteretur,

146 2000 705 2099 eamqueimpedirecomretur.
734 2089 773 2169 Y
1058 2039 1061 2045 ·
1241 2030 1245 2039 ·
1383 2026 1438 2171 Ι·

215 2140 219 2147 ·
791 2113 815 2185 l'
844 2110 861 2184 3
1155 2146 1159 2155 ·
1361 2137 1377 2171 ··
1404 2119 1458 2186 ¹¹⁵.

145 2285 244 2432 ¹ull.
263 2274 484 2447 {uelit
501 2273 1446 2451 lille3{nillil}ltlrlffrrltllllllllll
1493 2446 1496 2453 .

149 2448 229 2530 rint,
246 2447 457 2524 Craumerus,
476 2440 654 2508 Latimerus
671 2462 707 2504 ac
725 2439 883 2540 llidlaeus,
901 2442 1228 2527 speclataeeruditiouis
1239 2448 1313 2529 viri,
1331 2471 1445 2531 quam·

174 2550 214 2595 ue
237 2533 346 2594 breves
370 2526 601 2604 hi'sermoner,
634 2538 702 2587 tum
728 2542 758 2587 tn
783 2522 930 2590 Ecclefils
954 2528 1066 2590 fuerint
1084 2526 1176 2608 teni,
1199 2546 1295 2611 cum,
1319 2530 1445 2598 ineunte

184 2612 408 2687 efotmntioite,
441 2609 540 2672 ubivis·
564 2607 629 2671 l'ete
653 2622 775 2688 propter
799 2605 981 2672 Doctorum
1000 2609 1246 2690 Theolngorum
1264 2613 1445 2684 paucitatem

149 2696 335 2760 deficiebant
361 2690 509 2770 minillri,
542 2691 654 2772 quibus
680 2708 795 2754 munus
820 2691 1183 2757 concionatoriummto
1207 2696 1289 2759 credi
1311 2700 1442 2772 poterat.

149 2778 261 2861 Atque
276 2778 343 2839 ltaec
358 2774 489 2855 quidem
505 2773 544 2836 de
560 2775 660 2854 primo
679 2773 892 2837 Humiliarum
912 2775 1000 2839 libro.
1023 2775 1068 2839 At
1083 2778 1162 2840 vero
1172 2779 1443 2858 tempoributEli·

147 2863 277 2927 sabethae
297 2857 445 2934 Reginae,
466 2855 590 2919 accessu
605 2857 681 2918 alter
698 2855 913 2919 Humiliarutn
931 2858 1025 2935 liber,
1042 2861 1081 2920 de
1122 2877 1163 2921 uo
1181 2865 1269 2930 olma
1285 2863 1315 2925 iu
1331 2865 1444 2939 arricta,-

148 2944 184 3009 lis
202 2938 377 3010 XXXIX.
400 2936 612 3002 Confeffionis
630 2933 754 3002 Eccles.
769 2937 972 3021 Anglicanae,
994 2943 1079 3007 artie.
1134 2938 1253 3008 XXV.
1278 2945 1328 3011 ubi
1345 2947 1376 3012 tt
1392 2967 1444 3014 ea·

145 3046 219 3092 rum
237 3024 365 3089 nomina
382 3037 476 3097 atque
493 3021 620 3084 rubricae
638 3019 781 3084 brevibus
798 3023 1005 3086 recensentur.
1151 3050 1154 3057 ¹
1205 3102 1208 3107 ,

148 3106 151 3113 ’
188 3110 239 3188 (b)
264 3106 350 3169 conf.
370 3100 559 3170 STRYPE·
571 3101 760 3166 Memorials
778 3102 901 3168 Eccles.
914 3103 966 3168 ·T.
979 3104 1019 3170 ll.
1036 3110 1064 3187 p.
1077 3103 1126 3169 28.
1147 3106 1209 3189 seq.
1235 3110 1290 3190 qui
1305 3111 1443 3187 &aunob

148 3202 208 3263 tat,
224 3186 375 3251 'Mariam
397 3186 491 3267 Regis
510 3185 680 3266 Sororem,
706 3185 777 3249 licet
793 3187 1082 3266 catholicissimam,
1106 3206 1208 3253 tamen
1225 3212 1347 3273 operam
1364 3213 1443 3259 eon·

148 3269 250 3334 tulille
266 3271 302 3332 ad
320 3271 398 3332 hanc
414 3269 591 3332 vernonem
608 3266 880 3349 concinnandam,
902 3287 1156 3352 eamquetptum
1174 3270 1321 3350 Johaunis
1338 3272 1444 3347 Evan-

146 3354 267 3434 gelium
293 3351 482 3415 transtulisse.
522 3348 612 3413 Nam
639 3347 668 3411 ἀ
693 3344 889 3413 Catharinam
914 3348 1069 3433 Patriam,
1094 3350 1247 3434 Reginam
1263 3355 1444 3424 viduam-ee

147 3435 186 3497 de
211 3453 243 3496 re
268 3432 320 3496 sua
344 3431 593 3497 communicasse
616 3430 744 3493 confilia
760 3451 835 3494 cum
854 3429 975 3510 Maria,
1000 3434 1150 3513 liqueret
1170 3433 1322 3518 Epilloln,
1346 3460 1444 3524 quam

148 3517 231 3580 idem
248 3516 302 3579 ille
320 3518 407 3579 nobis
425 3515 621 3580 cunlervavit
639 3512 871 3579 STRYPIUS
889 3515 918 3578 ln
935 3515 988 3593 Ar>
1010 3518 1081 3593 eud.
1096 3515 1199 3583 Toni.
1211 3520 1254 3585 11.
1270 3537 1361 3605 μμ.
1384 3545 1443 3593 un·

148 3596 272 3660 dream
291 3596 506 3664 Documentir
523 3598 632 3663 uollris
647 3597 833 3665 inseruimus
851 3593 957 3667 Num.
1003 3594 1141 3665 ΧΧΙΧ.
1393 3646 1398 3671 .

189 3680 240 3760 (e)
265 3672 486 3742 BURNET.
513 3683 534 3741 1.
552 3703 581 3745 c.
603 3672 662 3743 fol.
683 3696 732 3755 27.
758 3676 926 3763 STRYP.
951 3684 1016 3748 lc.
1033 3680 1278 3766 .c.8.÷fol.61.‚
1308 3734 1312 3765 :
1344 3716 1399 3773 tt·

145 3761 241 3846 ‘.(d)
266 3757 481 3839 BURNET„
509 3764 576 3845 ¹:⁰¹
599 3763 657 3835 fol,
697 3761 739 3827 8..
922 3828 925 3835 ,
1065 3816 1069 3825 .
1258 3810 1263 3819 ·
1292 3790 1320 3847 j,
1352 3792 1399 3831 ‘·¹.

185 3845 235 3924 (e)
261 3840 369 3923 Quam
395 3838 473 3906 vero
499 3842 637 3941 inprimis
653 3782 801 3911 alversus
818 3830 1062 3923 destitutorum
1079 3818 1444 3941 imaginomrfamfii'rq·

143 3927 249 3995 tulerit
264 3939 450 4010 argumenta
466 3925 660 3996 Gardmerur
675 3943 758 4015 patet
773 3951 812 3999 ex
830 3916 1048 4028 BURNET.
1067 3936 1088 3999 l.
1107 3953 1137 3998 e.
1154 3934 1214 4015 lota
1227 3930 1269 4009 8.,
1280 3955 1287 4005 ;
1314 3952 1321 3997 r
1350 3958 1358 3975 ι
1376 3960 1394 3977 ··
