3322 4456
767 263 877 366 (ta)

221 539 318 614 Haec
337 526 561 632 propofitio,
580 425 1062 623 loqffessrffiffcgnffissiia
1080 521 1144 597 sub
1162 525 1267 623 Deo,
1285 525 1470 609 manifeste

171 659 318 710 erronea
342 628 417 722 est,
452 630 488 702 &
515 651 560 700 ex
587 627 789 724 ignorantia
815 622 1038 697 historiarum
1067 623 1392 704 Ecclefiasticarum
1419 627 1471 708 as·

171 735 273 808 serta.

551 820 953 891 Pnot’osrrto
1006 815 1086 888 lX.

222 923 286 997 s’il
314 919 389 991 faut
414 917 558 989 d’avant
583 915 717 1011 diriger
742 915 789 987 ses
814 912 983 987 Oraisons
1001 937 1068 986 aux
1090 913 1208 986 saints
1226 915 1332 1010 quea
1352 918 1471 1014 Dieu,

170 1021 208 1115 J.
231 1021 276 1094 C.
295 1044 314 1090 a
332 1015 440 1105 fault,
461 1014 576 1110 quand
596 1012 621 1083 il
640 1037 658 1082 a
676 1011 841 1110 enseigne
860 1013 993 1108 diriget
1009 1012 1058 1085 ses
1072 1011 1240 1086 Orations
1258 1014 1279 1085 a
1296 1015 1357 1086 ion
1376 1039 1473 1112 pete,

172 1122 211 1192 &
231 1140 302 1188 non
323 1117 426 1209 point
443 1135 512 1182 aux
532 1111 660 1182 Saints.

633 1211 1009 1291 CENSURA.

220 1313 317 1386 Haec
336 1308 538 1408 propoiitio
556 1332 601 1380 ex
621 1308 702 1381 falsa
721 1311 976 1409 imaginatione
994 1311 1179 1407 procedit,
1203 1310 1322 1408 quast,
1338 1308 1473 1387 orando

172 1409 342 1502 Sanctos,
369 1411 471 1483 Deus
489 1431 561 1480 non
579 1426 740 1504 rogetur.

570 1512 970 1586 Pttot’ostrro
1021 1510 1073 1585 X.

216 1607 460 1703 Jews-Christ
487 1630 576 1680 nous
601 1631 620 1677 a
644 1606 857 1682 commando
883 1633 953 1707 que
980 1632 1069 1681 nous
1095 1608 1220 1681 allions
1245 1607 1266 1681 ὲ
1293 1609 1365 1702 lui,
1401 1634 1474 1686 non

176 1710 283 1805 point
311 1705 331 1780 ὲ
348 1730 488 1796 aucun,
515 1702 632 1796 quand
650 1705 675 1776 il
694 1704 805 1779 adit:
839 1708 971 1780 Venite
988 1707 1031 1778 ad
1051 1729 1107 1780 me
1124 1729 1270 1801 omnes,
1295 1709 1358 1805 qui
1376 1707 1477 1783 labo·

176 1808 262 1880 ratis
283 1806 319 1881 ὅ(
339 1805 475 1878 onerati
493 1802 596 1896 estis,
623 1801 659 1874 &
679 1825 750 1900 ego
768 1802 927 1877 reficiam
947 1827 1023 1877 vos.

639 1909 1014 1985 CENSURA.

221 2008 319 2083 Haec
347 2006 549 2106 propofitio
575 2006 745 2078 haeretica
768 2006 839 2079 est:
876 2004 1080 2080 accedendo
1106 2007 1201 2081 enim
1220 2006 1264 2082 ad
1282 2004 1419 2084 sanctos
1434 2005 1479 2084 ad

174 2105 377 2176 Dominum
397 2106 551 2174 venitur.

560 2201 960 2276 Prtorostrro
1014 2206 1094 2277 XI.

223 2298 333 2374 Nous
358 2321 403 2371 ne
429 2296 579 2397 spavons
607 2295 630 2366 st
658 2297 707 2368 les
735 2296 851 2368 Saints
874 2320 985 2394 oyent
1005 2324 1069 2374 nos
1089 2300 1282 2395 Oraisorts,
1309 2323 1483 2400 pourtant

176 2399 284 2494 qu’ils
304 2423 347 2472 ne
366 2395 444 2470 sont
464 2394 568 2492 point
587 2416 650 2488 par
667 2413 750 2465 tout
770 2417 913 2468 comme
932 2397 1025 2469 Dreu
1037 2427 1051 2484 ς
1080 2399 1114 2470 ὃ(
1130 2400 1251 2498 jagoit
1269 2423 1310 2473 ce
1328 2424 1397 2496 que
1416 2428 1482 2476 no·

175 2510 232 2567 tre
259 2496 334 2568 bort
362 2498 469 2594 Ange
487 2494 563 2565 leur
580 2489 797 2590 annoncast,
824 2492 995 2565 toutefois
1015 2518 1103 2566 nous
1122 2519 1164 2566 ne
1185 2520 1357 2569 trouvons
1379 2501 1483 2592 point

176 2593 284 2687 qu’t'ls
311 2591 435 2666 fauent
463 2589 632 2664 Oraisons
650 2590 893 2685 particulieres
912 2592 992 2687 plus
1011 2592 1031 2663 a
1050 2615 1119 2683 un,
1146 2615 1230 2665 mars
1251 2597 1481 2692 univeri'elie,

174 2688 328 2763 d'efirant
347 2690 379 2761 la
399 2687 623 2784 redemption
642 2696 687 2758 de
707 2687 798 2760 leurs
815 2709 944 2783 corps,
971 2689 1218 2784 c’est·r*t·drre,
1238 2716 1307 2790 que
1326 2693 1358 2767 le
1376 2716 1483 2782 nont·¹

32 2790 38 2799 '
176 2785 241 2860 bre
257 2787 319 2861 des
339 2783 430 2859 Erus
447 2784 516 2860 soit
532 2784 725 2880 accompli.

636 2887 1011 2965 CENSURA.

223 2991 322 3065 Haec
348 2984 550 3086 propositio
577 3007 749 3082 quantum
775 2985 818 3058 ad
846 2992 995 3085 primam
1025 3007 1193 3084 partem,
1227 2988 1409 3087 loquendo
1438 2988 1483 3069 de

179 3092 393 3185 cognitione
413 3085 518 3176 fidei,
546 3083 715 3156 haeretica
732 3082 804 3175 est,
824 3111 889 3159 nec
910 3088 999 3156 ratio
1020 3085 1157 3180 adjecta
1175 3083 1484 3186 suffragaturpro·

177 3186 310 3280 posito.
353 3183 543 3281 Quantum
571 3178 622 3251 est
649 3182 691 3252 ad
718 3181 882 3256 ultimam
909 3205 1070 3279 partem,
1098 3189 1317 3281 quadicitur
1334 3186 1483 3261 Sancto!

176 3281 427 3376 particulares,
454 3281 527 3353 διο.
561 3277 731 3349 haretica
747 3275 819 3366 est,
846 3300 886 3353 ut
906 3281 1123 3373 pracedens.
1198 3303 1200 3308 ’

577 3385 725 3479 Septima
746 3390 905 3478 prrpofito
934 3385 1076 3459 Pouent.

226 3487 350 3564 Miffae
370 3487 461 3563 nihil
474 3490 606 3585 juvant
626 3490 662 3561 in
681 3483 913 3559 remiffionem
935 3508 1176 3581 peccatorem.

638 3589 1015 3666 CENSURA.

227 3687 325 3761 Haec
343 3686 546 3782 propositio
563 3685 736 3763 efficacia
755 3690 976 3766 sacramenti
995 3691 1231 3773 Eucharistiae
1249 3695 1361 3797 impie
1378 3698 1484 3776 dero·

179 3807 290 3886 gans,
316 3785 517 3882 Scriptura
535 3785 642 3863 sacrae
660 3786 837 3862 contraria
854 3786 920 3866 est.

788 3882 820 3958 F
846 3905 869 3960 2
1350 3892 1484 3999 Defert·
1566 3926 1592 3975 ο
