3322 4456
742 326 758 416 (
772 320 876 418 tta.)

154 454 230 548 est,
263 451 385 531 omnia
410 440 634 521 comminisci
659 468 701 518 ac
720 443 880 542 fingere,
906 440 1036 540 quibus
1053 444 1091 517 in
1108 442 1232 519 odium
1250 442 1460 547 principum

154 553 324 633 scelerate
351 548 516 621 concitet
530 563 638 639 arque
654 542 847 616 extimulet
863 540 1052 637 populum.
1092 542 1135 615 ln
1150 544 1249 641 quod
1268 549 1460 649 negotium

155 646 441 746 promovendum
459 639 711 715 sceleratorum
730 640 916 712 hominum
934 648 1114 712 'catervam
1128 640 1201 737 jam
1220 640 1356 715 dudum
1369 666 1461 721 cou-

157 748 269 821 traxit
287 763 395 840 atque
412 739 577 837 adjunxit
598 736 676 810 fibi.
719 738 776 811 lta
803 760 847 810 ue
865 736 962 808 nulla
980 758 1134 831 unquam
1152 734 1263 811 sterio
1281 738 1350 814 suit
1365 740 1458 819 sedi·

155 842 263 934 tiosa,
289 839 476 935 pestilens,
498 834 649 926 nefaria,
675 854 756 929 quae
776 761 824 907 Hc
843 834 1055 931 religionem
1074 857 1218 908 omnem
1237 836 1386 930 tollere,
1405 840 1459 917 le·

156 962 222 1037 gea
239 960 363 1011 omnes
381 933 555 1024 obruere,
581 956 698 1005 mores
715 952 838 1005 omnes
855 932 970 1003 bonos
989 954 1241 1029 corrumpere,
1267 956 1320 1007 res
1337 937 1460 1030 publi·

155 1060 215 1111 cas
232 1057 356 1111 omnes
372 1049 552 1123 evertere,
571 1029 772 1102 machinata
789 1028 854 1120 stt,
873 1049 915 1101 ut
933 1052 1028 1101 nunc
1044 1029 1460 1131 istaconjutatioLatbr·

154 1156 263 1219 rana,
288 1154 370 1227 quae
390 1130 425 1201 bt
443 1127 537 1199 sacra
555 1128 674 1198 omnia
693 1124 877 1220 profanat,
897 1126 933 1200 &
953 1124 1100 1222 profana
1112 1129 1356 1223 contaminat,
1374 1154 1460 1228 quae

155 1232 206 1305 ita
231 1226 417 1303 Christum
443 1221 640 1320 praedicat,
673 1242 715 1296 ut
739 1225 815 1323 ejus
840 1222 1054 1297 sacramenta
1079 1226 1371 1319 conculcet,·ita
1386 1230 1462 1303 Dei

156 1325 330 1399 buccinat
356 1323 532 1421 gratiam,
563 1341 604 1393 ut
621 1320 761 1394 arbitrii
781 1321 980 1396 libertatem
1000 1321 1178 1397 destruat:
1204 1326 1255 1397 ira
1272 1324 1379 1399 fidem
1395 1348 1462 1401 ex·

156 1424 277 1515 tollit,
310 1443 353 1496 ut
377 1418 546 1517 operibus
572 1416 677 1490 bonis
703 1417 889 1509 detrahat,
924 1421 962 1494 δι
989 1418 1132 1494 invehat
1156 1424 1330 1518 peccandi
1348 1423 1462 1500 liceu-

157 1522 268 1595 tiam:
297 1520 346 1599 ira
364 1515 642 1591 misericordiam
661 1515 843 1608 sublevat,
861 1535 902 1589 ut
915 1515 1311 1616 justitiamdeprimat,
1330 1521 1463 1599 &ma-

154 1616 273 1695 lorum
298 1615 460 1705 omniunt
478 1610 615 1685 causam
635 1613 901 1706 inevitabilem,
927 1614 1054 1686 nonin
1073 1613 1194 1690 Deum
1210 1616 1366 1715 aliquem
1385 1644 1463 1697 mu·

157 1713 258 1807 lum,
292 1711 390 1808 quod
417 1709 617 1784 Manichaei
639 1709 761 1783 saltem
780 1710 977 1784 commenti
994 1709 1097 1805 sunt,
1122 1711 1179 1786 sed
1198 1713 1235 1786 in
1251 1717 1400 1791 unicum
1417 1716 1464 1792 il·

157 1810 233 1887 lum
254 1835 336 1884 vere
353 1810 489 1883 bouum
509 1808 661 1905 rejiciat.
688 1806 787 1905 Quae
805 1830 917 1906 quum
935 1806 978 1882 ad
997 1811 1094 1884 hunc
1111 1810 1262 1887 modum
1280 1815 1390 1913 impie
1406 1814 1464 1891 di·

157 1911 242 1987 uiua
258 1906 440 1999 trastarit,
467 1905 567 1980 velut
585 1929 605 1979 e
624 1906 726 1980 coelo
743 1902 881 2004 dejesta
898 1906 1038 2006 serpens
1056 1910 1155 1982 virus
1172 1904 1330 1985 effundit
1347 1915 1384 1986 in
1395 1932 1469 1989 ter·

154 2030 231 2097 tus,
249 2000 943 2096 inecclefiacomruovetdissensionem,
961 2005 1057 2104 leges
1068 2027 1190 2078 omnes
1199 2007 1369 2109 abrogat,
1387 2034 1466 2087 rna·

154 2102 324 2199 gistratus
346 2123 470 2174 omncs
483 2120 655 2189 enervat,
682 2099 793 2179 laicos
812 2101 848 2171 in
866 2097 1063 2175 sacerdotes
1081 2105 1264 2199 concitat,
1291 2128 1392 2183 utros
1437 2132 1466 2199 ¹e

155 2194 319 2271 udrerstrs
336 2194 576 2292 pontificem,
602 2195 759 2290 populos
777 2194 938 2267 adversus
959 2198 1161 2296 principes,
1187 2223 1253 2273 nec
1272 2203 1369 2277 aliud
1389 2230 1412 2303 p
1428 2206 1469 2282 ai.

156 2317 204 2369 ne
229 2292 403 2384 molitur,
435 2313 543 2388 quam
563 2309 627 2382 ut,
662 2288 779 2386 (quod
795 2313 902 2364 omen
921 2311 1082 2366 avertant
1100 2294 1232 2393 superi)
1261 2298 1470 2377 Germaniae

183 2391 315 2466 timum
333 2388 513 2488 populus,
538 2406 706 2554 tanguam
724 2410 792 2485 pro
810 2388 975 2465 libertate
993 2390 1127 2464 bellurn
1147 2393 1282 2468 indicat
1302 2398 1468 2494 proceri·

150 2413 248 2581 bus,
282 2487 412 2562 deinde
441 2505 484 2559 ut
502 2484 593 2558 Chri
629 2484 699 2556 iani
717 2502 844 2560 contra
862 2486 1084 2560 Christianos
1102 2488 1341 2587 spectantibus
1360 2494 1398 2571 &
1417 2495 1469 2571 ir·

157 2585 362 2661 ridentibus
391 2579 529 2657 Christi
556 2579 720 2655 hostibus
740 2604 808 2678 pro
828 2584 964 2657 Christi
984 2584 1055 2658 fide
1072 2610 1114 2660 ac
1132 2589 1309 2683 religione
1325 2590 1470 2693 depug-

156 2699 258 2757 nent.
299 2679 415 2778 Quod
440 2677 468 2752 fi
493 2677 574 2791 quis
599 2676 695 2752 forte
720 2702 794 2752 uon
820 2681 941 2756 credat
958 2682 1002 2755 ab
1021 2706 1093 2756 uno
1113 2686 1260 2759 homine
1275 2690 1368 2761 nihil
1387 2710 1470 2767 tan·

155 2797 236 2857 tum
261 2800 419 2875 uuquam
444 2776 598 2875 perrculi
624 2776 717 2850 nasci
737 2775 858 2873 polle,
884 2780 971 2855 huic
988 2783 1026 2853 in
1043 2803 1200 2859 mentem
1219 2784 1328 2873 velim
1345 2784 1469 2867 subeat

155 2877 299 2954 turcico
323 2875 403 2950 illas
427 2874 563 2967 rabies,
596 2896 680 2970 quae
705 2896 819 2972 quum
847 2898 945 2951 nunc
967 2896 1026 2953 tot
1043 2902 1106 2977 per
1124 2900 1232 2956 terras
1251 2884 1288 2959 δι
1307 2886 1470 2965 mariase

155 2970 365 3051 diffundens
391 2973 586 3049 maximam
613 2972 651 3048 br
705 2971 932 3050 uleerrimam
957 2978 1070 3053 totius
1086 2976 1184 3053 orbis
1201 3000 1336 3079 partem
1355 2994 1490 3071 ocem,

157 3073 297 3253 mn
311 3070 507 3244 rurs
525 2995 1051 3247 leniuntur
1068 3075 1304 3251 ulem
1323 3079 1470 3259 sris

156 3266 296 3361 exiguo
319 3268 543 3359 vermiculo,
576 3266 615 3338 in
632 3286 740 3361 quam
758 3195 951 3339 i’rnbrauem
969 3198 1199 3364 braiobem,
1226 3230 1318 3347 nond
1337 3202 1398 3351 abi
1424 3300 1472 3355 ue

157 3382 292 3459 magno
319 3360 527 3438 Germaniae
553 3359 671 3454 malo,
705 3382 814 3459 quam
841 3386 994 3462 propere
1019 3364 1202 3462 adolevit,
1236 3368 1285 3444 ita
1305 3298 1473 3470 prociiv'e

156 3458 232 3552 est,
257 3455 385 3532 malam
402 3460 558 3560 segetem
575 3458 679 3535 nullo
695 3459 900 3535 demetente
916 3460 1083 3537 creseere.
1109 3464 1153 3539 N
1155 3488 1197 3540 ec
1206 3464 1300 3544 ullus
1311 3474 1471 3573 unquam

157 3555 258 3633 socio
282 3556 400 3629 caruit
423 3557 468 3632 ad
491 3556 719 3652 nocendum,
744 3580 860 3658 neque
879 3578 952 3636 tam
970 3558 1175 3639 imbecillus
1191 3566 1243 3639 est
1260 3567 1470 3671 quisquam,

156 3654 249 3748 quin
274 3652 400 3726 securo
425 3653 531 3750 poflit
557 3680 600 3733 ac
626 3677 794 3753 tanquam
822 3652 980 3735 lusorum
1001 3659 1172 3760 speslnnti
1191 3663 1322 3742 letlrale
1337 3666 1470 3749 volum

160 3748 344 3849 infligere.
381 3749 484 3845 Quae
502 3776 578 3849 rea,
602 3777 676 3853 quo
693 3756 811 3829 minus
828 3759 1042 3860 contingat,
1070 3761 1106 3835 in
1125 3760 1299 3859 praesente
1314 3788 1360 3841 ne
1387 3768 1468 3857 orie
1592 3754 1604 3777 Χ

155 3847 386 3950 principibus
409 3846 580 3929 omnibus
603 3850 837 3929 adnitendum
854 3854 929 3957 est,
953 3858 1161 3939 adnitentur
1175 3870 1319 3960 auteur,
1387 3864 1466 3941 'te'ria

774 3946 866 4049 ΟΔ
1158 3988 1164 3995 ·
1394 3982 1465 4065 nrt
