3322 4456
154 467 273 544 beant.
315 463 417 540 Nam
444 455 469 530 si
497 451 633 530 Christi
660 330 989 550 gregim'riradiare
1013 472 1077 547 per
1094 451 1253 533 sedusios
1270 457 1457 560 Principes

156 566 360 663 coeperint,
393 575 562 627 serentur
586 577 631 625 ne
659 554 706 623 fic
733 551 912 644 aperiatur
940 547 1109 644 fenestra,
1146 576 1185 627 ut
1205 557 1240 628 in
1259 558 1291 631 se
1310 585 1381 656 quo
1410 580 1456 636 ue

158 657 365 759 paulopost
385 657 550 726 irruatur.
579 652 618 724 Si
638 673 723 721 vero
740 647 926 743 scripturae
947 645 1115 722 obsistere
1132 670 1293 749 tentent,
1319 585 1456 735 conicii

159 760 224 833 fibi
243 755 427 831 violentiae
447 774 552 847 quarn
571 750 603 819 ei
623 746 784 836 faciunt,
811 747 882 817 toti
902 745 1035 841 frigent
1052 769 1092 817 ac
1112 750 1323 823 concidunt.
1351 754 1455 850 Quid

158 858 274 953 igitur
291 856 326 924 in
347 852 496 947 ignavos
515 870 588 918 non
606 845 793 933 irruimus,
821 865 894 913 uno
913 843 1048 936 illoque
1066 841 1145 916 satis
1163 845 1250 918 sorti
1269 848 1367 920 verbi
1385 844 1456 924 Dei
1557 862 1559 866 “

158 953 328 1047 praefidio
358 945 465 1018 sulti?
503 944 535 1014 ss
552 943 646 1015 enim
667 939 929 1013 Antichrissum
950 938 1143 1013 interficiet
1160 942 1284 1038 spiriru
1303 948 1373 1019 oris
1392 946 1455 1023 sui.

162 1051 242 1122 Stat
264 1051 283 1120 d
304 1046 406 1116 nobis
426 1040 612 1130 Christus,
638 1040 717 1135 quis
735 1058 861 1110 contra
878 1037 976 1132 nosi
995 1035 1099 1109 fimus
1118 1040 1202 1112 licet
1223 1044 1339 1114 Samia
1357 1044 1457 1138 vasa,

159 1170 266 1218 nemo
293 1165 409 1216 tamen
437 1137 664 1235 confringere
690 1158 753 1208 nos
780 1136 936 1230 poterit,
971 1136 1128 1229 quandiu
1154 1139 1258 1211 nobis
1279 1145 1458 1216 Dominus

157 1244 273 1314 adest:
309 1241 564 1313 aderitautem
583 1256 627 1305 ex
646 1231 746 1305 verbi
764 1230 815 1305 sui
834 1252 929 1305 certa
948 1231 1197 1328 promiffione,
1224 1262 1294 1333 qua
1311 1240 1457 1333 pollici.
1513 1308 1517 1313 .

158 1360 216 1412 tus
232 1339 305 1429 est,
323 1336 356 1410 se
374 1333 559 1408 nobiscum
576 1329 775 1403 mansurum
787 1330 949 1425 usquead
961 1330 1083 1401 mundi
1096 1332 1458 1431 consummationem,

154 1435 321 1532 jussrtque
341 1432 480 1507 securos
499 1430 567 1503 esse
586 1452 693 1523 quum
714 1427 756 1499 ad
776 1428 897 1524 Reges
916 1426 1137 1501 &Praesides
1158 1431 1251 1504 iliius
1271 1433 1370 1506 causa
1387 1455 1460 1507 tra·

155 1537 300 1606 hamur:
336 1531 503 1604 daturum
530 1528 625 1599 enim
651 1523 720 1597 esse
747 1525 784 1598 &
811 1524 1017 1620 sapientiam
1047 1527 1083 1598 ὃ(
1108 1526 1372 1623 eloquentiam,
1398 1534 1460 1606 cui

156 1654 279 1705 omnes
297 1628 481 1702 adversarii
500 1648 572 1697 non
591 1624 752 1720 poterint
770 1623 938 1695 resistere.
965 1621 1067 1719 Quid
1083 1624 1200 1720 ‘igitur
1214 1628 1459 1713 adhchcunc·

157 1726 300 1802 tamur?
319 1724 469 1799 vidioria
488 1724 524 1795 in
543 1721 705 1795 manibus
722 1718 795 1813 est,
815 1743 858 1793 an
873 1744 949 1793 eam
961 1720 1288 1820 decerperepiget?
1309 1727 1460 1800 Coelum

155 1827 193 1901 &
222 1847 316 1901 terra
342 1821 541 1899 trausrbunt
568 1821 676 1894 citius
704 1819 812 1915 qudm
842 1818 912 1893 Dei
939 1819 1101 1892 verbum.
1146 1825 1197 1895 At
1224 1827 1251 1896 is
1273 1822 1461 1897 vidoriam

155 1922 343 2021 promisit:
380 1922 493 2016 recipi
517 1920 632 2015 igitur
649 1940 722 1990 non
741 1917 880 2013 potest,
905 1936 1036 1990 utnon
1056 1918 1260 2011 vincamus,
1287 1923 1372 2018 quin
1390 1921 1466 1996 hoc‘

156 2025 279 2117 potius
297 2020 447 2111 dixero,
473 2041 538 2089 nos
557 2017 626 2088 alia
644 2015 782 2088 ratione
799 2016 896 2086 vinci
914 2037 977 2085 nos
997 2011 1116 2111 posse,
1144 2015 1250 2113 qudm
1272 2017 1295 2090 sr
1316 2040 1466 2094 conatus

157 2139 232 2188 non
259 2117 394 2210 pigeat.
435 2117 601 2200 Tenera,
636 2135 709 2181 non
727 2113 878 2205 ignoro,
905 2130 946 2182 ut
964 2134 1029 2183 nos
1048 2134 1131 2199 caro
1150 2114 1379 2189 dehortetur:
1407 2116 1466 2192 se'd

157 2210 394 2306 cogitandum
423 2206 552 2277 iterum
580 2225 687 2296 atque
715 2203 844 2290 iterum
873 2205 978 2274 nobis
1002 2205 1074 2295 est,
1109 2210 1207 2302 quod
1227 2211 1387 2285 versutus
1404 2215 1468 2287 illc

159 2311 346 2402 wudespor
363 2302 501 2398 semper
520 2324 583 2371 nos
600 2300 695 2371 iliius
714 2296 901 2372 occafione
919 2298 1125 2396 suadelaque
1142 2301 1302 2378 seduxit:
1323 2332 1363 2380 ac
1378 2300 1466 2383 dum

159 2404 221 2477 isla
246 2406 383 2476 labores
410 2421 656 2493 aerumnasque
681 2393 838 2493 refugit,
873 2397 976 2471 nobis
994 2420 1107 2493 ocyus
1125 2401 1169 2474 ab
1187 2404 1264 2500 ejus
1283 2404 1467 2482 blanditiis

158 2500 374 2600 fugiendum
402 2497 476 2592 est,
510 2518 681 2593 auresque
711 2492 844 2591 Ulyssrs
860 2496 895 2566 in
915 2518 1052 2568 morem
1073 2495 1299 2594 obserandae,
1327 2525 1371 2576 ne
1391 2503 1468 2589 fore

160 2617 198 2673 te
223 2601 257 2670 ei
283 2597 459 2670 cedamus.
503 2595 601 2686 Quae
627 2594 736 2666 etiam
755 2593 871 2689 major
888 2592 1078 2666 infelicitas
1098 2597 1201 2669 nobis
1220 2598 1381 2673 accidere
1398 2624 1466 2700 po-

161 2697 268 2785 terit,
304 2691 411 2788 quim
442 2691 464 2763 fi
489 2691 668 2788 proditrix
698 2714 781 2761 caro
807 2693 963 2784 partium
982 2689 1120 2763 suarum
1139 2693 1287 2789 secerit,
1314 2697 1376 2771 ubi
1396 2698 1468 2772 toti

161 2793 251 2867 nihil
280 2792 376 2862 aliud
406 2790 514 2883 quam
544 2812 628 2861 caro
648 2786 769 2859 'futuri
795 2786 965 2880 essemus,
991 2813 1032 2860 ac
1052 2787 1197 2866 subinde
1216 2817 1360 2890 quoque
1378 2797 1469 2872 nihil

162 2890 261 2965 aliud
280 2889 390 2984 quaim
409 2884 555 2959 beluae?
581 2886 739 2956 Patrium
759 2903 876 2956 autem
895 2887 972 2981 ejus
990 2885 1125 2979 sumus,
1150 2889 1173 2962 s1
1192 2890 1353 2986 spiritum
1374 2895 1472 2970 iilius

162 2990 277 3087 gratia
296 2986 502 3084 prodimus,
530 3001 607 3056 tum
627 3002 746 3055 autem
767 2982 930 3076 spiritum
951 2987 1158 3078 prodimus,
1178 3013 1287 3084 quum
1309 3016 1470 3066 nonom-

164 3087 269 3158 nibus
293 3085 412 3156 nervis
431 3082 536 3172 Deo,
563 3081 730 3176 illiusque
747 3080 859 3154 verbo
877 3080 1042 3154 fidimus:
1075 3085 1110 3155 in
1129 3110 1173 3156 eo
1190 3091 1284 3158 enim
1306 3092 1379 3161 soso
1398 3095 1470 3187 spi·

166 3183 255 3256 ritus
273 3183 379 3252 vivit.
406 3178 520 3269 Quod
538 3180 633 3250 enim
654 3198 725 3248 tam
739 3178 899 3270 juratum
920 3177 970 3250 est
988 3201 1161 3252 creaturae
1183 3184 1353 3277 verbum,
1373 3189 1473 3281 quod

167 3301 241 3349 non
266 3274 388 3348 sallat?
424 3278 520 3348 Haec
546 3277 660 3372 igitur
678 3275 716 3348 δε
736 3272 791 3344 his
809 3274 918 3370 longe
936 3296 1011 3348 tum
1034 3277 1252 3370 robustiora,
1281 3302 1356 3353 tum
1378 3285 1473 3357 divi·
1564 3357 1567 3361 ,

169 3377 271 3447 niora
295 3392 416 3443 tecum
445 3393 633 3468 reputans,
668 3366 865 3442 doctissime
893 3372 1016 3460 Perre,
1044 3375 1251 3448 animnberis
1271 3404 1341 3451 non
1362 3384 1473 3457 modo

171 3469 506 3545 cum-Antichristo
534 3493 575 3542 ac
603 3470 700 3566 pacis
727 3466 973 3565 principibus,
1008 3466 1066 3540 sed
1085 3492 1167 3543 cum
1189 3477 1351 3551 universo
1373 3479 1476 3557 simus

171 3570 259 3642 orbe
286 3586 466 3640 certamen
491 3564 630 3659 subire,
668 3564 837 3663 siquidem
867 3564 1027 3638 coelestia
1054 3569 1187 3641 ambis:
1224 3600 1263 3647 ea
1281 3581 1374 3649 enim
1393 3578 1475 3653 solis

173 3666 222 3739 eis
240 3666 433 3754 eveniunt,
459 3665 519 3755 qui
539 3684 676 3737 terrena
694 3663 897 3762 negligunt.
934 3668 1030 3737 Ante
1049 3670 1169 3752 omnia
1188 3673 1300 3768 igitur
1319 3702 1408 3774 opus
1427 3678 1480 3750 est

173 3783 213 3834 ut
243 3760 419 3856 teipsum
447 3761 622 3858 abneges,
656 3787 696 3833 ac
725 3763 889 3858 quotidie
917 3765 1089 3836 moriaris.
1133 3768 1173 3838 ld
1203 3793 1319 3844 nutem
1350 3796 1484 3872 tuopte

173 3862 297 3939 Marte
314 3883 388 3933 non
408 3860 564 3957 poteris:
585 3861 627 3934 ad
644 3883 750 3934 unam
771 3862 884 3958 igitur
895 3862 968 3936 Dei
980 3861 1256 3943 misericordiam
1269 3872 1485 3967 confugien-

1373 3973 1456 4042 dum
1469 4022 1485 4065 ,
