3322 4456
760 302 896 401 (ιη.)
939 330 941 334 ·

178 448 352 532 quatenus
378 427 487 528 ipsius
513 419 648 501 auxilio
666 420 773 497 diffisi
791 424 859 498 sese
876 422 918 496 ad
939 421 1055 496 media
1072 412 1219 515 obliqua
1238 423 1275 501 &
1294 445 1374 523 quae
1394 415 1488 498 Deo·
1596 504 1599 508 ,

179 531 296 604 minus
321 532 520 625 probantur
546 540 776 598 convertunt.
819 521 943 616 Qiare
970 518 995 590 fi
1023 520 1096 592 Dei
1115 518 1224 613 ipfius
1242 520 1481 618 potentiamd

180 627 284 702 nobis
304 625 392 699 stare
410 624 598 713 volumus,
624 617 1036 718 sequamurfimpliciter
1052 616 1149 712 quod
1163 616 1289 712 jubet:
1317 639 1424 714 atque
1442 619 1480 690 in

180 724 305 818 primis
328 722 397 794 boc
416 720 684 793 fundamentum
704 713 926 788 statuendum
945 714 1050 788 nobis
1065 713 1139 806 est,
1167 711 1478 788 Reformationem

181 819 355 894 Ecclefiae
376 818 548 916 singulare
564 836 685 886 manus
704 810 812 906 ipfius
829 837 919 908 opus
936 811 1023 903 else,
1042 830 1081 884 ut
1101 813 1220 884 bacin
1240 833 1339 907 parte
1359 813 1477 883 homi·

180 940 242 988 nes
268 914 413 988 sese.illi
441 919 478 984 in
504 912 654 986 solidum
673 906 846 1004 regendos
866 911 1025 983 tradant:
1054 910 1221 1004 quodque
1238 913 1344 981 etiam
1363 910 1479 1003 majus

181 1011 253 1102 est,
279 1011 390 1084 l'olere
416 1010 616 1084 Dominum
637 1008 911 1100 utplurimum,
938 1007 1064 1079 tamin
1085 1004 1298 1080 restituenda
1311 1027 1420 1102 ,quam
1441 1006 1477 1078 io

181 1106 419 1182 conservanda
445 1105 605 1179 Ecclesia
629 1104 688 1176 sua
713 1105 857 1196 operari.
877 1106 1015 1177 ratione
1037 1105 1185 1201 quadam
1192 1103 1309 1274 ¹plane
1326 1103 1476 1174 admira·
1495 1113 1496 1122 ’

179 1203 269 1296 bili,
305 1207 341 1278 δε
369 1228 449 1300 quae
478 1203 637 1275 omniurn
657 1202 845 1272 hominum
864 1221 1010 1296 captum
1029 1201 1177 1274 omnino
1207 1220 1345 1298 uperet.
1388 1201 1477 1272 Pro·

180 1302 265 1375 inde
284 1301 417 1375 nullam
436 1302 609 1374 rationem
630 1296 740 1370 finere
755 1321 847 1394 opus
863 1300 954 1371 illud
971 1297 1233 1372 reformationis
1251 1294 1477 1370 Ecclesiaead

180 1398 327 1473 humani
346 1399 460 1472 sensus
478 1397 664 1470 modulum
683 1396 804 1491 exigi,
830 1395 984 1493 &quod
1004 1398 1146 1469 caelelie
1163 1397 1235 1486 eli,
1261 1396 1303 1467 ad
1321 1416 1425 1467 terrae
1441 1393 1479 1470 dt

180 1496 309 1568 mundi
335 1493 485 1568 formam
504 1492 748 1591 compofirum
767 1491 895 1566 habere
913 1495 1016 1568 velle.
1061 1493 1195 1590 Neque
1212 1512 1331 1565 tamen
1350 1494 1398 1565 ita
1414 1513 1479 1566 ex·

182 1592 313 1668 clusam
341 1592 471 1665 reblam
495 1592 589 1664 illam
608 1591 832 1686 prudentiam
850 1590 981 1683 velim,
1006 1591 1108 1688 cujus
1126 1592 1301 1663 maximus
1320 1592 1379 1662 hie
1397 1592 1478 1687 qui·

180 1691 261 1762 dem
280 1685 332 1762 est
350 1690 453 1782 usus,
478 1709 520 1763 ut
537 1711 610 1761 non
628 1689 804 1784 apposrtae
821 1691 974 1761 rationes
993 1690 1175 1782 ineantur,
1195 1713 1238 1761 ne
1255 1691 1292 1760 in
1312 1689 1401 1761 hanc
1420 1688 1480 1761 vel

178 1787 278 1859 illam
305 1808 441 1885 partem
470 1787 575 1859 nimis
600 1785 883 1882 propendeatur,
917 1786 1002 1858 dum
1025 1809 1147 1859 omnes
1168 1789 1331 1860 Domino
1349 1785 1479 1858 lucrari

180 1885 370 1959 volumus:
399 1883 459 1958 sed
478 1885 701 1980 prudentiam
722 1885 782 1956 bic
801 1881 944 1982 spiritus
962 1907 1034 1957 non
1052 1885 1164 1958 carnis
1182 1907 1328 1982 regnare
1345 1885 1480 1978 cupio,
1524 1927 1526 1935 r

177 1983 267 2054 dum
294 2008 333 2055 os
360 1983 515 2055 Domini
537 1982 858 2075 interrogabimus,
885 2006 925 2055 ac
946 1985 1170 2076 precabimur
1187 2004 1226 2054 ut
1246 1979 1365 2054 nostro
1383 1980 1480 2055 sensu

179 2079 298 2150 vale-re
320 2077 439 2173 jusso,
473 2103 563 2151 unus
589 2078 649 2150 ille
675 2101 739 2149 nos
767 2080 804 2148 in
829 2079 996 2151 omnibus
1022 2079 1154 2175 dirigat
1171 2101 1277 2171 atque
1296 2079 1481 2174 perducat.

180 2171 261 2244 Ubi
279 2195 344 2244 nos
362 2176 410 2244 ita
427 2196 612 2270 geremus,
632 2171 737 2242 sacile
754 2175 822 2242 erit
839 2171 950 2243 ansam
972 2177 1169 2269 praecidere
1186 2176 1289 2246 variis
1308 2178 1479 2248 tentatio·

179 2267 307 2361 nibus,
333 2291 414 2364 quae
433 2293 498 2341 nos
517 2271 552 2340 in
571 2268 690 2339 medio
709 2266 814 2339 cursu
833 2272 1000 2341 remorari
1018 2269 1169 2365 pollent.

227 2368 291 2439 Tu
317 2367 450 2463 igitur,
485 2361 707 2460 Ampliffime
734 2364 915 2459 Domine,
945 2369 997 2438 uti
1018 2367 1171 2442 feliciter
1190 2368 1283 2442 illam
1304 2367 1480 2445 Christia-

179 2465 286 2538 nismi
313 2463 575 2538 restitutionem
602 2464 778 2557 integram
803 2463 841 2535 in
867 2487 980 2563 regno
1008 2467 1151 2564 Angliae
1177 2467 1380 2560 instituisti,
1406 2492 1480 2543 non
1574 2488 1579 2496 ·

174 2561 323 2641 innixus
342 2563 430 2653 tibi,
454 2559 512 2635 sed
531 2560 671 2655 potenti
689 2559 760 2632 Dei
779 2583 908 2653 manu,
934 2563 1014 2658 qu'ae
1034 2585 1069 2636 te
1088 2564 1253 2638 hasienus
1268 2564 1480 2643 sustinuit&

180 2658 392 2730 mirabiliter
417 2656 670 2744 confirmavitr
699 2656 747 2730 fic
764 2659 870 2730 etiam
892 2663 926 2731 in
945 2662 1066 2733 eadem
1087 2662 1146 2734 illa
1163 2659 1294 2735 fiducia
1310 2663 1377 2735 tibi
1395 2686 1479 2760 per·

179 2755 338 2852 gendum
365 2753 434 2828 esse
458 2755 635 2828 existima.
680 2753 839 2829 Aesone
864 2780 972 2851 quum
997 2760 1175 2831 Dominus
1194 2758 1265 2855 ipse
1283 2781 1341 2833 tot
1358 2759 1478 2854 passim

179 2854 409 2949 Principatus
427 2852 594 2927 sustentet
611 2851 669 2925 sua
688 2853 914 2948 providentia
932 2857 991 2952 qui
1011 2878 1129 2930 tamen
1148 2857 1213 2953 ipli
1232 2856 1478 2951 adversantur,

180 2953 428 3050 multomagis
447 2951 526 3023 illos
545 2950 729 3047 respiciet,
748 2952 810 3048 qui
825 2953 862 3026 &
876 2954 911 3025 in
930 2955 1031 3027 illurn
1050 2954 1129 3028 sunt
1146 2955 1257 3028 delixi
1269 2958 1305 3030 ὃ(
1318 2976 1399 3030 toto
1417 2955 1481 3029 suo

181 3071 314 3121 conatu
332 3049 532 3146 supremum
553 3049 654 3121 illum
674 3049 797 3123 herum
820 3049 884 3123 srbi
902 3051 1067 3126 asciscere
1085 3054 1250 3146 cupiunt.

231 3145 351 3216 Venio
369 3148 411 3218 ad
431 3147 576 3218 tertium
595 3167 728 3242 caput,
746 3149 842 3243 quod
854 3147 904 3220 est
915 3169 991 3222 tum
1003 3151 1153 3223 devitiis
1163 3153 1340 3224 coercendis
1351 3172 1425 3222 turn
1437 3149 1481 3223 de
1590 3226 1594 3233 ,

172 3243 343 3335 scandalis
359 3245 614 3336 comprimendis.
639 3243 722 3339 Ego
740 3266 907 3315 veronon
919 3245 1069 3338 dubito,
1089 3248 1230 3342 leges&
1242 3248 1355 3318 edissa
1368 3247 1480 3340 posita

177 3337 259 3408 istic
277 3337 367 3427 esse,
389 3363 469 3433 quae
489 3339 583 3411 resia
601 3341 638 3412 ὅ(
659 3340 828 3412 laudanda
849 3339 938 3433 fint,
957 3342 994 3416 δι
1014 3342 1141 3439 quibus
1160 3347 1335 3439 populum
1358 3348 1392 3415 in
1413 3345 1479 3416 ho·

178 3435 284 3506 nestis
312 3435 472 3508 moribus
499 3437 677 3510 contineri
696 3438 906 3510 conveniat:
942 3437 999 3511 sed
1019 3441 1143 3537 ingens
1162 3442 1220 3512 illa
1238 3445 1356 3527 deesse
1374 3465 1478 3534 quam

177 3532 215 3602 in
235 3535 371 3603 mundo
390 3535 656 3625 animadverto,
682 3559 740 3606 me
758 3558 802 3607 co
832 3535 881 3630 it,
903 3555 943 3607 ut
962 3557 998 3609 te
1016 3537 1076 3610 hic
1094 3539 1200 3610 etiam
1219 3541 1420 3632 appellem,
1438 3558 1480 3613 ut

177 3629 214 3699 in
241 3630 329 3700 illud
357 3633 542 3703 incumbas
565 3653 606 3705 ut
626 3634 786 3704 homines
803 3557 866 3704 iub
885 3633 979 3707 bona
997 3636 1034 3710 dc
1055 3636 1199 3708 honesta
1216 3637 1400 3726 disciplina
1419 3639 1479 3708 ba·
1572 3651 1575 3658 '

176 3724 338 3799 beantur.
376 3731 417 3800 ln
437 3731 560 3825 primis
579 3749 620 3802 ut
639 3731 710 3803 Dei
731 3732 902 3804 honorem
923 3733 959 3804 in
977 3757 1021 3805 eo
1039 3731 1159 3806 afferas
1177 3735 1261 3806 dum
1283 3735 1341 3805 illa
1359 3735 1480 3811 crimie

175 3845 221 3897 na
247 3825 448 3921 ulcisceris,
483 3850 637 3925 quorum
658 3827 888 3999 perseunutpo
906 3831 1001 3928 apud
1020 3832 1181 3907 homines
1201 3832 1342 3930 insuper
1362 3831 1481 4000 bpbleri

1179 3943 1186 3956 ·
1396 3949 1484 4004 oet.
