3322 4456
127 287 288 372 rantur
457 275 1100 367 uauovnrr.
1386 311 1427 387 μ

124 431 229 507 arsa,
254 417 330 510 plur
355 434 455 510 quam
480 411 656 500 Periclea,
680 406 801 520 iugum
826 411 1028 499 vocationis,
1062 411 1223 506 quodstbi
1239 416 1262 487 ὰ
1280 415 1432 490 Domino

123 514 261 590 uidebat
279 519 421 606 imponi,
446 510 640 581 terreum.
678 506 727 575 Et
747 522 946 595 quanquam
967 505 1081 576 ubivis
1098 509 1208 584 ferme
1226 513 1256 585 F
1258 513 1356 587 arelli
1377 515 1430 587 la·

123 608 271 688 boribus
298 603 470 683 indefeffrs
498 601 709 678 obsisterent
732 594 947 687 sacrificuli,
973 600 1112 765 ipseque
1129 606 1291 683 adversus
1310 611 1428 685 omnis

121 707 263 804 generis
292 703 407 780 hostes
432 699 585 772 babebat
605 692 883 782 decertandum,
911 713 1028 764 tamen
1059 703 1211 793 rngulari
1231 711 1427 801 providen.

122 806 174 880 tia
199 803 321 879 divim
346 800 399 873 est
426 793 618 879 effectum,
644 809 685 862 ut
703 811 773 859 una
793 788 880 860 urbe
898 787 1059 862 extrusus
1077 792 1112 865 iu
1130 799 1271 874 alteram
1292 809 1425 904 migra.

123 919 202 987 ret,
239 899 276 968 &
306 890 515 965 civitatibus
541 883 728 982 expulsus,
762 907 884 982 agrum
915 887 1230 982 circumjacentem
1249 901 1284 973 &
1303 906 1426 1000 regio.

125 1014 211 1068 netu
238 989 378 1086 ingenti
405 982 560 1060 succeliu
587 981 774 1078 Evangelii
801 983 1059 1078 praedicatione
1085 987 1272 1084 impleret,
1307 998 1426 1095 fitque

127 1088 351 1163 innumeram
379 1084 561 1157 hominum
590 1080 860 1157 multitudinem
886 1084 980 1161 inter
1007 1082 1181 1178 ludibria,
1215 1089 1360 1164 verbera
1388 1097 1427 1172 ὃς

126 1184 385 1276 contumelias,
418 1179 606 1256 diaboli&
626 1179 727 1253 Cleri
746 1179 930 1276 ingratiis,
957 1181 1018 1275 qui
1038 1184 1127 1257 nihil
1147 1207 1220 1256 non
1241 1186 1279 1258 in
1297 1189 1428 1265 Farelli

124 1280 162 1357 dc
182 1280 370 1378 Evangelii
390 1278 587 1375 perniciem
605 1275 870 1371 moliebantur,
897 1277 1047 1355 Christo
1067 1281 1275 1358 vindicaret.
1312 1286 1428 1363 Certe

120 1377 382 1476 imperterritus
402 1376 556 1452 bominis
573 1375 736 1468 animus,
751 1398 875 1453 ornnes
886 1375 922 1447 in
935 1375 1116 1473 stuporem
1127 1379 1254 1474 dabat,
1274 1409 1357 1459 cum
1371 1388 1426 1458 vi·

120 1474 265 1569 derent,
300 1477 458 1549 animum
488 1471 592 1547 limul
618 1495 658 1545 ac
686 1495 814 1546 vocem
839 1474 892 1545 illi
909 1473 953 1545 ad
970 1473 1109 1551 stristos
1128 1479 1223 1554 enses
1241 1483 1427 1579 constare,

121 1573 215 1649 adei>
232 1573 398 1670 quidem,
425 1592 466 1645 ut
485 1571 538 1644 illi
555 1593 601 1645 ex
622 1568 756 1662 Clero,
782 1572 847 1664 qui¹
861 1571 1039 1664 continuo
1054 1597 1307 1671 campanarum
1324 1585 1424 1658 clan-

117 1691 209 1768 gore
235 1673 273 1748 &
300 1665 630 1766 aure'bombycina
655 1668 823 1768 lanugine
846 1669 1015 1765 oppleto,
1041 1675 1236 1750 conciones
1251 1680 1327 1773 ejus
1345 1682 1424 1757 elu-

117 1769 202 1842 dere
227 1769 288 1841 diu
314 1770 535 1867 sategerint,
571 1763 802 1861 postmodum
830 1767 966 1863 patulas
990 1792 1088 1848 aures
1113 1772 1151 1847 &
1170 1771 1329 1852 faventes
1347 1783 1423 1854 ani·

117 1887 198 1943 mos
214 1867 259 1942 ad
276 1866 406 1940 Farelli
423 1864 645 1943 auditorium
661 1861 853 1942 adferrent.
1355 1963 1357 1966 ι

164 1975 198 2048 §.
217 1962 312 2038 XII.
337 1963 550 2056 Caeterum,
584 1963 614 2037 it
640 1963 688 2037 A.
710 1983 815 2058 1542·
852 1961 921 2055 (uti
951 1965 1082 2041 Buceri
1107 1966 1151 2042 nd
1169 1974 1352 2047 Caluinum
1371 1978 1424 2068 (a)

116 2056 225 2137 habet
244 2060 423 2155 Epistola)
441 2066 571 2138 Metina
586 2063 710 2152 venit,
735 2084 776 2135 ac
795 2061 947 2157 primam
966 2066 1178 2139 concionem
1199 2070 1236 2141 in
1253 2073 1421 2148 coemite·

118 2157 176 2228 rio
202 2159 529 2231 Dominicanorum
557 2156 706 2241 habuit;
733 2157 812 2250 Qri
830 2182 914 2232 cum
932 2160 1027 2234 aliud
1046 2186 1119 2235 non
1136 2165 1298 2261 pollent,
1323 2164 1422 2244 carn·

119 2251 204 2343 pani
223 2253 305 2319 atris
322 2251 476 2342 impulsu
493 2248 667 2342 impedire
686 2252 900 2326 concionem
918 2259 1039 2331 conati
1058 2257 1150 2331 sunt.
1179 2263 1235 2335 lbi
1254 2284 1334 2339 tum
1351 2269 1421 2342 Fa·

118 2342 230 2418 tellus
247 2364 374 2417 contra
390 2346 433 2417 ad
451 2344 565 2417 ravim
582 2365 693 2438 usque
712 2366 839 2421 vocem
857 2349 1011 2427 intendit
1025 2405 1038 2445 ,
1051 2377 1118 2427 nec
1137 2355 1233 2429 vinci
1251 2358 1285 2432 se
1302 2360 1421 2441 estre.

118 2443 201 2540 pitu
219 2441 298 2516 ullo
316 2440 429 2540 pallus
446 2440 521 2532 est,
554 2438 733 2514 Postridie
750 2444 817 2514 tria
834 2446 978 2520 circiter
996 2448 1185 2521 hominum
1204 2455 1317 2528 millia
1333 2484 1422 2533 con·

118 2537 306 2612 fluxerunt
334 2539 571 2638 Evangelium
589 2537 759 2612 audituri.
808 2537 1100 2634 sedatorum,
1128 2547 1151 2615 ii
1170 2551 1230 2643 qui
1254 2550 1422 2650 Evange-

116 2638 168 2711 lio
194 2636 384 2728 favebant,
421 2639 624 2731 petierunt,
660 2635 832 2731 tantisper
848 2636 1065 2733 quiesceret,
1092 2640 1207 2718 donec
1226 2671 1279 2721 res
1297 2645 1342 2721 ei>
1359 2653 1421 2726 de·

114 2734 330 2826 duceretur,
351 2757 392 2808 ut
412 2735 481 2808 srne
500 2754 599 2806 metu
620 2731 770 2828 alicujus
787 2754 908 2806 motus
928 2740 1059 2809 concio
1077 2738 1197 2815 haberi
1218 2743 1355 2840 pollet:
1377 2752 1423 2831 ln

115 2833 313 2930 concilium
333 2857 422 2931 ergo
441 2853 590 2907 vocatus
608 2831 787 2922 Farellus,
823 2833 1154 2934 interrogatusque,
1180 2865 1253 2936 quo
1267 2843 1422 2940 jubente

116 2931 153 3006 dt
172 2949 316 3027 petente
335 2933 569 3005 concionatus
587 2927 699 3002 effer?
730 2926 954 3027 Respondit:
973 2935 1109 3029 jubente
1129 2941 1282 3036 Christo,
1302 2962 1420 3040 peren.

113 3032 203 3103 tibur
229 3046 339 3104 autem
357 3031 427 3122 ejus
444 3033 616 3120 membris,
653 3026 827 3123 [imulque
844 3029 888 3101 de
907 3027 968 3103 suo
987 3055 1133 3109 munere
1148 3043 1329 3136 graviter,
1356 3046 1418 3121 de.

114 3150 185 3297 que
204 3125 392 3223 Evangelii
405 3128 672 3298 ¹praedicatione
690 3123 755 3224 pie·
769 3126 949 3219 differuit,
967 3155 1008 3204 ac
1028 3133 1273 3228 magistratum
1293 3139 1343 3213 sui
1360 3145 1417 3217 of·

144 3225 192 3296 cii
211 3248 402 3300 commone
420 3225 504 3298 ecit.
531 3227 631 3298 Dum
650 3244 770 3296 autem
782 3225 952 3317 Senatus,
972 3231 1059 3323 quid
1070 3234 1101 3301 ei
1112 3230 1337 3326 faciendum,
1356 3241 1422 3313 de.

108 3321 260 3413 liberat,
287 3323 422 3395 interea
441 3322 656 3418 Evangelici
675 3321 784 3391 alium
804 3322 979 3416 quendam
1001 3323 1184 3402 statura&
1205 3331 1327 3406 habitu
1347 3337 1378 3410 F
1379 3363 1418 3412 a·

113 3421 202 3492 tello
227 3443 300 3492 non
328 3420 547 3511 abfimilem,
581 3440 675 3513 equo
695 3416 902 3512 impolitum
920 3419 1091 3495 educunt.
1143 3426 1292 3502 Interim
1314 3456 1422 3514 verus

46 3548 49 3552 ·
115 3514 271 3591 Entellus
298 3519 395 3592 Meti
425 3520 533 3610 latet,
568 3517 684 3589 donec
709 3516 918 3610 Principum
943 3541 984 3590 ac
1003 3522 1192 3595 civitatum
1214 3527 1421 3610 Germaniae

115 3611 372 3690 foederatorum
402 3611 647 3689 intercessione
673 3611 824 3686 liberum
853 3615 1065 3711 impetretur
1093 3620 1317 3702 Metensrbus
1337 3634 1419 3704 reli·

115 3708 235 3817 giouis
252 3714 481 3788 exercitium.
508 3712 645 3792 Verum
665 3709 874 3805 Pontificii,
891 3712 1031 3810 legatos
1050 3717 1249 3798 Germanos
1268 3749 1333 3801 nec
1353 3729 1419 3801 ho·

1314 3825 1424 3920 spitio

157 3919 207 4000 (a)
231 3915 296 3983 vid.
314 3916 481 3986 ADAMI
498 3920 570 3988 vita
587 3918 788 4006 Theologor·
803 3934 936 3989 exteror.
952 3944 982 4009 p.
1001 3922 1042 4006 58
