3322 4456
789 284 895 383 (84)

196 423 323 514 ritate,
342 420 379 495 ἀ
398 439 487 494 tunc
505 416 639 492 dicitur
656 434 820 510 mortua,
840 439 1000 491 neceam
1018 413 1179 491 sufficere
1194 415 1239 491 ad
1255 417 1401 494 salutem
1412 443 1499 496 cum

195 521 315 615 gratia
339 521 444 590 etiam
471 521 581 614 gratis
608 516 689 586 data
716 519 984 611 praeveniente,
1027 539 1109 609 quae
1135 515 1271 589 dicitur
1297 520 1502 616 benignitas

195 619 272 689 Dei
299 621 459 711 gratuita
482 619 559 711 ejus
577 614 739 700 bonitas,
765 611 950 684 assistentia
969 614 1040 684 Dei
1059 611 1270 708 illustratio,
1297 616 1500 712 inspiratio,

198 730 262 785 aut
287 712 382 784 bona
399 715 516 785 motio
534 713 622 805 ejus.
662 710 789 780 Errant
809 712 928 802 itaque
945 711 1019 799 illi,
1046 713 1108 802 qui
1128 711 1254 784 Fidem
1276 715 1312 786 δι
1333 715 1506 787 fiduciam

120 811 133 835 ⁶
199 807 449 899 confundunt,
485 811 644 880 dicentes
670 805 793 876 Fidem
820 806 889 878 else
917 805 1233 881 fiduciam&non
1250 813 1368 900 aliud,
1393 813 1503 905 quam

200 903 395 993 fiduciam,
424 903 508 978 curn
529 904 633 976 Fides
650 904 692 973 ad
711 903 930 975 intelledtum
950 904 1108 1000 spcsler,
1132 905 1267 979 fiducia
1283 907 1371 979 vero
1389 911 1431 979 ad
1449 907 1505 979 es·

199 1000 350 1075 seeum.
396 1005 523 1074 Errant
549 1001 691 1096 insuper
717 1003 778 1094 qui
806 1001 959 1073 asserunt
977 999 1080 1073 certo
1098 1004 1268 1096 cognosci
1289 1006 1508 1080 certitudine

201 1098 305 1173 Fidei
334 1102 423 1172 citra
444 1100 613 1170 Divinam
633 1098 888 1171 revelationem
907 1098 1116 1194 specialem,
1141 1099 1175 1171 se
1191 1101 1258 1172 else
1277 1102 1507 1193 praedestina·

203 1214 286 1290 ωε,
316 1220 378 1269 aur
402 1197 439 1266 in
468 1195 556 1265 slaru
583 1195 731 1287 gratiae,
765 1197 927 1291 quamvis
950 1196 1095 1267 credere
1111 1198 1148 1269 ἃ
1166 1197 1269 1269 certo
1287 1199 1424 1292 sperare
1442 1203 1506 1273 de·

200 1291 286 1366 beat
305 1294 453 1389 quisque
472 1291 604 1362 Fidelis
622 1289 654 1361 se
671 1289 898 1386 salvandum,
924 1291 950 1366 fi
968 1293 1008 1367 in
1024 1294 1127 1369 bonis
1143 1293 1310 1391 operibus
1328 1319 1411 1368 cum
1432 1299 1507 1371 Dei

202 1393 319 1488 gratia
336 1387 557 1485 perseverans
574 1386 772 1463 decess'erit.

828 1585 880 1658 X.

204 1726 264 1802 De
280 1729 434 1802 libertate
451 1734 658 1822 voluntaris,
684 1731 866 1824 impletione
881 1732 981 1822 legis,
999 1726 1042 1805 δέ
1057 1726 1333 1820 muneribus,
1351 1736 1504 1825 quomodl

240 1830 316 1922 firrt
341 1826 413 1899 Dei
440 1826 482 1909 (ὅ
508 1827 642 1922 nostra,
675 1829 718 1907 {9³
743 1850 787 1896 an
804 1825 968 1915 fiduciam
990 1823 1141 1914 aliquam
1163 1825 1283 1896 habere
1301 1830 1451 1919 poffimus
1469 1832 1505 1895 in

250 1928 334 1998 illis.

274 2068 460 2141 Inurrnn
482 2066 672 2143 tenendum
689 2065 765 2159 est,
784 2066 906 2141 Deum
924 2063 1108 2140 hominem
1127 2067 1228 2140 tanti
1245 2064 1387 2143 donasse
1399 2069 1508 2143 liber·

292 2187 388 2259 tate,
420 2169 526 2241 etiam
554 2165 634 2264 post
656 2165 792 2264 lapsum
811 2168 920 2264 primi
936 2165 1115 2264 parentis,
1138 2183 1181 2238 ut
1201 2164 1293 2239 ficut
1309 2167 1432 2265 suapte
1448 2192 1510 2239 na·

205 2285 289 2341 tura
305 2265 471 2338 voluntas
489 2269 565 2361 ejus
583 2264 713 2359 habet,
738 2263 838 2361 quod
857 2265 900 2339 sit
917 2265 961 2338 ad
977 2263 1112 2340 malum
1130 2263 1321 2359 flexibilis,
1341 2267 1391 2339 ita
1404 2268 1510 2338 etiam

134 2422 146 2439 .
206 2363 375 2440 voluntas
393 2364 516 2460 adjuta
536 2365 605 2436 Dei
625 2363 843 2437 bonitate&
862 2365 1020 2456 virtute,
1037 2362 1160 2458 suapte
1178 2383 1302 2437 natura
1317 2364 1423 2435 habet
1438 2385 1513 2434 non

206 2462 323 2539 solum
350 2482 554 2559 praecavere
579 2459 731 2554 deliela,
763 2455 889 2532 verirm
909 2485 1054 2559 quoque
1070 2461 1109 2533 δι
1127 2459 1218 2534 bene
1234 2483 1358 2556 agere:
1385 2460 1513 2558 adjun-

207 2561 368 2659 gendum
393 2559 466 2649 est,
502 2556 667 2651 adJunela
695 2560 766 2632 Dei
791 2557 1011 2633 bonitate&
1029 2558 1189 2644 virtutes
1218 2558 1317 2630 Nam
1336 2554 1422 2630 cum
1441 2582 1514 2630 non

209 2657 320 2731 fimus
337 2653 551 2728 sufficientes
569 2656 732 2746 cogitare
749 2655 883 2752 aliquid
900 2679 946 2726 ex
965 2655 1088 2747 nobis,
1117 2654 1213 2749 quali
1232 2681 1276 2730 ex
1297 2657 1422 2741 nobis,
1443 2654 1514 2725 suf·

207 2751 405 2825 ficientium
435 2774 498 2821 nos
525 2749 652 2818 habere
677 2771 722 2818 ex
742 2750 814 2820 Dei
833 2749 1127 2819 misericordia&
1146 2754 1275 2820 merito
1295 2749 1429 2818 Chrilli
1448 2769 1511 2814 ex·

208 2847 394 2944 ploratum
419 2843 470 2913 est
480 2873 493 2925 3
522 2863 594 2910 non
611 2856 742 2931 negato
761 2862 882 2910 tamen
899 2842 1001 2909 liberi
1021 2841 1158 2910 arbitrii
1177 2840 1239 2908 usu
1258 2843 1295 2910 ὃ(
1314 2839 1513 2934 potestate,

151 3001 161 3022 ‚
212 2964 287 3037 quo
305 2940 350 3011 fit
369 2959 409 3007 ut
428 2933 645 3007 sufficienter
663 2952 745 3000 cum
766 2934 838 3003 Dei
855 2935 970 3024 gratia
987 2933 1126 3027 Legem
1148 2933 1219 3004 Dei
1238 2933 1387 3026 implere
1405 2937 1514 3032 poffi·

209 3059 290 3113 mus
317 3036 358 3105 ad
380 3034 489 3103 vitam
508 3047 675 3100 aeternam
695 3025 1001 3119 consequendam,
1028 3048 1200 3124 quantum
1220 3030 1323 3103 nobis
1341 3039 1512 3134 praecipi·

209 3152 272 3213 tur
300 3154 367 3229 pro
395 3128 485 3201 statu
511 3124 605 3213 viae3
641 3117 725 3198 cirm
752 3149 868 3222 neque
885 3125 989 3198 nobis
1008 3124 1222 3223 impossibile
1239 3133 1448 3228 praecipiat,
1478 3139 1516 3214 &

208 3225 312 3308 ultro
339 3227 438 3304 suum
464 3226 599 3323 semper
617 3218 747 3298 offerat
763 3225 935 3298 auxilium
953 3225 999 3298 ad
1015 3225 1105 3298 bene
1122 3228 1299 3324 agendum
1321 3231 1358 3304 ὅ(
1378 3257 1515 3326 praeca-

209 3331 325 3406 venda
343 3348 502 3426 peccata.
529 3327 590 3401 Sic
607 3348 751 3420 quoque
769 3322 887 3397 nostra
905 3326 1051 3417 merita,
1079 3326 1151 3397 Dei
1169 3326 1361 3416 dicuntur,
1380 3355 1420 3402 ut
1442 3338 1514 3427 pri-

209 3426 313 3505 marii
340 3425 529 3517 Auctoris,
555 3428 615 3496 cui
633 3421 783 3497 debetur
801 3423 974 3519 primatus
993 3424 1224 3516 meritorum,
1252 3427 1289 3499 &
1309 3429 1516 3524 principalis

116 3568 126 3587 ·
210 3523 327 3600 aslio:
365 3523 504 3596 Nostra
530 3521 654 3596 itidem
681 3521 853 3595 dicuntur
879 3523 1026 3606 merita;
1056 3545 1308 3617 cooperatores
1327 3528 1420 3597 enim
1446 3530 1514 3602 Dei

209 3622 352 3712 sumus,
387 3621 450 3717 qui
473 3619 618 3713 adjuvat
637 3618 920 3694 imbecillitatem
939 3619 1116 3714 nostram,
1144 3620 1179 3694 &
1199 3623 1397 3695 mercedem
1418 3629 1515 3718 quis·

211 3741 284 3800 oue
299 3719 454 3814 accipiet
471 3714 664 3790 secundum
684 3720 783 3792 suum
804 3717 984 3812 laborem,
1009 3744 1051 3792 ac
1070 3719 1194 3792 reddet
1211 3722 1405 3812 unicuique
1419 3728 1517 3800 llcus

337 3840 441 3919 opera
456 3814 528 3903 sua.
561 3814 659 3914 Quae
678 3817 822 3919 quidem
842 3841 950 3922 opera
968 3842 1042 3894 non
1058 3815 1174 3894 solum
1193 3821 1396 3895 testimonia
1414 3821 1513 3915 sunt,

1392 3940 1517 3993 exem-
