3322 4456
800 327 911 425 (4⁸·l

241 659 458 760 Illustriffiurr
474 660 631 755 Principi
647 660 700 732 D.
718 660 866 732 Domino
883 666 1030 736 Anteio
1047 665 1280 765 Lethariugiae
1296 669 1401 743 Daci.
1418 672 1491 756 &n

348 760 497 831 Domino
504 758 567 852 suo
585 761 855 861 Cknentiffim,
880 762 1091 858 Vaolgangas
1110 766 1215 836 Scacb
1232 770 1379 860 minister

436 859 563 951 Christi
572 856 774 952 felicitatem
788 878 848 949 per
863 858 983 956 Jesrnu
1000 860 1169 954 Christa-
1186 880 1292 956 aptat.

220 1049 504 1225 Posteaquam
522 1048 566 1120 ad
583 1049 676 1120 hanc
692 1067 789 1120 tuam
809 1049 847 1121 S.
861 1049 1052 1146 Hippoliti
1069 1053 1275 1145 civitatem,
1293 1050 1520 1126 clementiffi·

305 1170 363 1218 me
391 1147 589 1240 Princeps,
625 1147 709 1216 Deo
733 1144 973 1239 disponente,
1007 1152 1177 1244 perveni,
1211 1154 1326 1242 reperi
1354 1153 1520 1244 turbam,

218 1243 322 1316 velut
347 1264 431 1312 oves
456 1262 612 1312 errantes
635 1241 767 1336 absque
792 1240 954 1334 pastore,
980 1244 1252 1341 vagabundam,
1278 1245 1402 1317 multis
1419 1273 1521 1320 erro·

219 1363 299 1411 rum
326 1334 688 1431 superstitionumque
713 1339 1040 1412 abominationibus
1056 1341 1303 1412 miserabiliter
1319 1344 1520 1437 perditam:

218 1436 320 1528 coepi
338 1456 425 1503 mox
437 1435 545 1528 juxta
561 1432 792 1507 ministerium
811 1433 832 1505 i
848 1437 1011 1509 Domino
1029 1440 1118 1510 mihi
1136 1437 1361 1511 commiffum
1380 1440 1521 1512 inviam

216 1553 386 1604 revocare
410 1552 588 1621 errantes,
621 1530 755 1603 hortari
780 1533 910 1629 prioris
934 1537 1022 1607 vitae
1048 1536 1327 1629 penitentiam,
1353 1561 1436 1610 narn
1452 1536 1521 1612 effe

218 1628 256 1699 in
284 1629 490 1724 propinquo
516 1649 666 1724 regnum
691 1629 789 1720 Dei,
814 1633 1025 1701 comminari
1043 1631 1193 1701 securim
1211 1635 1255 1702 ad
1272 1635 1409 1707 arboris
1427 1637 1521 1706 radi·

217 1747 298 1837 eem
324 1722 502 1834 politam,
536 1720 629 1795 haud
649 1723 768 1833 1⁰¹}ss
792 1723 907 1794 abeffe
930 1744 972 1794 ut
999 1724 1276 1831 praescindatur,
1310 1751 1380 1819 qua
1409 1729 1518 1800 sterili

217 1841 696 1990 ll'zltzltllffifilllt
698 1838 851 2008 ¹12,th
851 1817 1518 2015 {tiballtlsslzhllltlellt

216 2012 302 2104 luo,
337 2011 498 2085 Matthei
520 2034 575 2108 ¹3·
608 2013 745 2110 Coepi,
779 2014 948 2111 inquam,
981 2036 1068 2085 mox
1087 2010 1234 2084 utboni
1251 2011 1425 2110 agricolae
1442 2013 1518 2108 est,

216 2110 370 2225 evellere
403 2109 579 2208 quidquid
612 2110 790 2210 spinarum
815 2130 924 2207 atque
947 2127 1266 2222 errorumcontra
1292 2108 1521 2203 Dominum,

218 2230 369 2384 iffi
390 2204 1523 2414 llllllllfffial‘lf’llailldhlssflilltff

221 2406 310 2480 tiam
338 2405 412 2479 Dei
435 2403 609 2480 erectam:
641 2406 802 2503 plantare
818 2403 983 2495 arborea,
1008 2400 1166 2477 fratrum
1184 2404 1284 2476 suum
1303 2404 1339 2474 in
1359 2423 1523 2498 tempore

96 2554 101 2563 -
219 2502 285 2578 suo
309 2504 455 2578 reddere
479 2528 552 2576 non
578 2506 775 2578 tardantes:
810 2501 993 2578 adificare
1016 2501 1241 2573 domicilium
1265 2523 1338 2572 non
1357 2498 1525 2573 tranlito·

216 2603 310 2675 rium
337 2603 375 2674 &
401 2602 586 2693 terrestre,
619 2601 677 2674 sed
696 2620 870 2675 arternum
889 2603 928 2674 in
944 2596 1071 2691 coelis,
1095 2596 1421 2696 superaedificatum
1441 2595 1525 2668 fun·

217 2698 387 2769 damento
405 2699 665 2794 Apostolorum
684 2699 721 2770 &
741 2698 1027 2796 Prophetarum,
1044 2696 1120 2793 ipso
1137 2697 1276 2768 summo
1293 2695 1453 2786 angulari
1473 2695 1524 2759 la·

219 2794 305 2888 pide
328 2792 477 2864 Christo
494 2792 597 2882 Jesu,
624 2795 660 2863 in
679 2815 752 2882 quo
770 2794 887 2864 omnis
906 2790 1079 2863 structura
1094 2808 1369 2881 coagmentata,
1396 2782 1524 2858 crescit

218 2890 256 2959 in
284 2888 461 2980 templum
488 2885 644 2957 sanetum
672 2887 864 2973 Domino,
896 2887 934 2956 in
960 2906 1035 2977 quo
1061 2906 1127 2951 nos
1150 2904 1273 2953 omnes
1299 2879 1523 2955 coaedificari

216 3001 364 3077 oportet
391 2981 426 3052 in
454 2980 721 3052 tabernaculum
752 2980 822 3050 Dei
850 2981 887 3048 in
915 2978 1056 3070 Spiritu
1081 2972 1222 3068 saneto,
1249 2979 1287 3051 u
1305 3000 1347 3051 ut
1366 2982 1524 3073 apertius

217 3079 373 3175 loquar,
417 3074 547 3151 Millus
574 3076 649 3151 sum
676 3075 718 3147 ad
746 3095 821 3148 tuae
848 3074 1065 3148 Clementiae
1090 3076 1293 3174 populum,
1327 3078 1523 3172 praedicare

218 3176 457 3277 Evangelium
489 3177 580 3266 Dei,
613 3174 711 3273 quod
738 3195 820 3248 ante
845 3171 1055 3270 promiserat
1080 3198 1143 3271 per
1170 3174 1369 3270 Prophetas
1387 3172 1466 3248 suos
1486 3179 1523 3249 in

219 3277 401 3372 scripturis
428 3274 552 3349 santlis
578 3275 623 3346 de
649 3272 728 3345 lilio
745 3270 833 3364 luo,
859 3273 922 3364 qui
942 3269 1053 3345 fabius
1071 3271 1121 3344 est
1138 3272 1170 3345 ei
1187 3295 1232 3343 ex
1251 3271 1381 3344 semine
1401 3273 1522 3345 David

217 3376 410 3448 secundum
430 3398 593 3467 carnem,
612 3373 727 3444 virtus
745 3372 839 3444 enim
852 3371 924 3442 Dei
940 3369 991 3442 est
1008 3369 1209 3442 adsalutem
1225 3372 1323 3441 omni
1340 3373 1522 3460 credenti,

216 3474 348 3664 llll?
364 3472 786 3642 llllllli'lll‘
803 3466 1523 3659 lilii}”lllilsslihlllltlt

218 3667 444 3764 reputamur)
474 3690 535 3760 per
563 3667 670 3740 fidem
696 3666 747 3737 est
773 3663 854 3757 Jesu
873 3662 1008 3739 Christi
1028 3665 1065 3734 in
1082 3687 1205 3735 omnes
1224 3665 1261 3738 &
1279 3662 1382 3755 super
1399 3591 1523 3738 orianes

219 3767 283 3860 qui
311 3765 462 3838 credunt
481 3765 516 3835 in
534 3788 629 3837 eum.
672 3764 796 3838 Gratis
814 3785 953 3859 nanque
958 3785 1034 3932 ssper
1051 3764 1202 3860 gratiam
1222 3760 1331 3857 iplius
1344 3761 1522 3857 justifica·

218 3886 300 3941 mut
317 3888 381 3963 per
398 3862 530 3958 fidem,
558 3865 594 3937 in
612 3860 781 3961 sanguine
799 3859 931 3959 ipfiua,
985 3884 1028 3933 ne
1045 3859 1217 3959 operibus
1235 3858 1359 3956 Legis.
1380 3855 1523 3971 justifi3

1452 3974 1525 4030 chii
