3322 4456
760 331 774 418 (
787 322 892 418 207·)

178 476 368 536 tantarum.
401 450 553 529 Etcum
576 449 703 547 Christi
719 451 847 548 gloriae
864 448 1077 543 serviamus,
1103 450 1140 524 &
1159 447 1332 530 Ecclesrae
1349 454 1478 532 nostrae

175 555 246 632 fint
270 551 398 647 Christi
424 547 622 640 Ecclesiae,
657 569 731 620 non
759 549 908 622 deerunt
935 550 998 644 qui
1021 549 1091 643 piae
1112 552 1223 621 causae
1242 557 1479 648 patrocinari,

177 654 240 752 qui
259 648 351 727 bea&
369 649 517 723 meritos
532 646 655 720 debita
671 644 773 718 laude
790 669 937 738 ornare,
956 646 993 720 bt
1011 645 1258 718 crudelitatem
1277 651 1480 747 vituperate
1568 723 1571 729 .

176 768 361 848 poterunt.
403 745 584 818 Circumit
610 742 761 837 Christus
786 743 961 833 esuriens,
988 741 1128 834 fitieos,
1153 744 1290 836 nudus,
1316 748 1477 841 vinsbua,

164 867 398 941 *conquerens
416 843 460 916 de
477 839 700 914 Pontificum
719 838 839 932 rabie,
856 841 900 914 de
917 841 1115 913 multorum
1136 842 1280 938 Regum
1301 844 1477 940 injustissr·

177 969 235 1017 ma
262 941 419 1030 saeritia,
452 959 574 1036 petens
600 937 646 1009 ab
673 938 871 1010 lacerentur
897 941 1059 1034 corporis
1086 936 1136 1008 sui
1159 941 1338 1033 membra,
1363 939 1419 1012 sed
1437 959 1479 1014 ut

177 1039 415 1118 defendantur
433 1059 527 1109 verae
546 1033 743 1126 Ecclefiae,
769 1029 1184 1132 ometurTEuangeimm.
1220 1037 1331 1108 Hunc
1350 1060 1479 1132 agnos.
1584 1069 1587 1074 -
1649 1022 1652 1027 ⁴

177 1161 279 1229 cere,
299 1137 489 1229 excipere,
507 1131 630 1204 sovere
648 1132 698 1227 pii
719 1133 834 1228 Regia
852 1132 902 1205 est
921 1130 1107 1223 officium,
1127 1135 1163 1205 ἃ
1175 1135 1294 1205 cuitus
1305 1135 1388 1205 Deo
1397 1157 1479 1229 gra·

178 1232 336 1310 eiffimus.
363 1233 461 1306 Bene
479 1229 578 1324 vale,
604 1233 723 1327 primo
742 1227 988 1324 Novembris,
1014 1231 1122 1303 Anno
1138 1229 1197 1303 M.
1217 1231 1268 1304 D.
1286 1230 1479 1305 XXXIX.

617 1561 736 1635 Num.
761 1557 1046 1643 xxxvttt.
1097 1507 1099 1511 ’
1226 1622 1229 1627 ,

282 1726 496 1833 Thomar
531 1705 921 1827 CRANMERI
956 1720 1184 1867 Archiep.
1221 1723 1368 1831 Cant.
1475 1818 1480 1827 .

384 1861 593 2006 Epistola
621 1864 681 1966 ad
709 1870 973 1996 Heuricum
1000 1874 1189 2006 Regem
1216 1869 1266 1964 (ἃ)

328 2053 426 2149 una
460 2083 571 2147 cum
606 2051 908 2148 HENRICI
944 2046 1327 2185 responfionetb)
1409 2133 1453 2161 „
1557 2032 1560 2039 Δ

707 2191 770 2281 A.
804 2220 825 2278 1
940 2259 951 2284 .

191 2368 270 2470 De
285 2337 528 2465 abolendis
544 2355 825 2497 quibusdam
838 2219 1117 2464 biiimoniis
1133 2292 1477 2506 superstitiosae.-

141 2635 192 2649 ··
807 2595 854 2670 A.

179 2761 339 2942 NOu
364 2757 573 2858 gravabitur
599 2756 790 2834 Ceisrtudo
815 2781 877 2836 tue
894 2764 1054 2852 moneri,
1087 2764 1204 2862 Quod
1220 2788 1304 2837 eum
1322 2765 1483 2842 Londiui

292 2883 406 2935 moras
430 2858 571 2933 trabere
587 2882 661 2933 uon
679 2857 838 2955 possem,
863 2860 946 2955 quia
963 2859 1151 2935 statueram
1170 2862 1340 2960 postridie
1358 2865 1484 2940 disces·

179 2959 238 3035 sus
253 2959 323 3033 mei
341 2981 362 3031 a
380 2951 570 3054 Majestate
588 2976 673 3049 tua,
699 2955 809 3058 Roffae
826 2957 914 3049 esse,
942 2980 984 3032 ut
1002 2961 1158 3055 sequenti
1178 2964 1235 3034 die
1252 2986 1355 3036 marte
1373 2960 1484 3038 Deie-

177 3075 281 3152 gatos
295 3057 563 3146 omuesCantii,
583 3054 715 3150 possem
732 3060 1171 3155 Dnoleviffizmagaom)
1182 3064 1335 3155 repetire
1345 3096 1361 3148 ·,
1379 3062 1484 3155 Qun·

178 3172 332 3246 propter
340 3155 465 3235 eudem
474 3151 579 3250 nabbe
588 3156 863 3248 quaHanrprtni·
872 3159 977 3228 Caria
988 3160 1366 3250 Lambethamreverri,
1380 3161 1438 3233 W
1430 3184 1486 3232 er·

177 3246 300 3338 eastriae
320 3245 543 3343 Episcopum
562 3251 663 3321 illico
681 3251 850 3323 accersrri
861 3302 872 3341 ,
899 3271 1011 3325 totam
1033 3255 1235 3348 Majesbatia
1252 3275 1324 3325 tua:
1341 3254 1485 3328 vorun-

178 3360 288 3415 tatem
315 3342 348 3415 ei
372 3341 547 3441 patefeci,
573 3347 611 3418 in
628 3348 670 3418 tis
690 3369 771 3443 quae
792 3345 870 3420 fieri
889 3348 1139 3446 MaJ'estastua
1155 3352 1242 3423 mihi
1261 3349 1486 3451 praescripse-

1416 3471 1483 3528 rat.

219 3617 269 3700 (a)
294 3617 358 3684 vib
381 3615 599 3686 BURNET.
623 3620 705 3690 Hiu.
720 3621 795 3690 Ref.
813 3624 913 3711 Angl.
937 3626 968 3691 in
986 3625 1201 3695 Documeutis
1219 3630 1256 3694 ad
1274 3629 1421 3696 Tomum
1437 3632 1482 3698 11.

177 3700 250 3768 No.
270 3701 366 3769 th.
390 3703 450 3767 sol.
464 3719 531 3785 139.
553 3723 621 3786 140.
807 3744 821 3759 ν

220 3806 272 3885 (b)
300 3802 458 3887 Equidem
480 3824 544 3868 non
561 3805 637 3871 vere
654 3809 732 3874 hanc
752 3807 1000 3894 Respotrsronem
1020 3810 1135 3899 Regis,
1162 3813 1374 3878 Cranmerum
1392 3831 1483 3878 acce-

180 3888 263 4040 fg}
271 3888 651 4042 fflgfflffinsiamtn
667 3894 706 3962 ad
724 3892 940 3965 Cranmerum
956 3898 1080 3966 mittete
1094 3896 1226 3967 statuisse
1241 3895 1366 3982 Regem
1383 3892 1484 3964 asserit
