3322 4456
130 454 316 554 exempla,
351 449 451 547 figna
474 442 667 521 &fruetus
687 443 813 540 Fidei,
840 443 950 519 sed&
973 443 1347 543 Spei&Charitatis,
1398 473 1439 526 er
1540 468 1548 475 ‘

158 580 215 629 uae
234 573 353 627 tamen
371 551 495 643 ingens
513 543 616 616 nobis
634 542 805 616 accrescit
823 544 988 617 cumulus
1007 544 1240 639 meritorum,
1261 550 1295 620 in
1308 473 1438 646 quigm

129 580 194 727 iub
221 644 368 722 Christo
396 640 601 715 secundario
630 642 667 713 &
694 641 810 713 minus
829 639 1076 735 principaliter
1092 639 1260 715 fiduciam
1281 649 1436 743 aliquam

128 749 259 825 habere
277 740 458 841 poliumus
477 739 796 835 propter‘gratiam
808 740 844 812 ht
856 733 1118 835 promiffionem
1140 739 1353 834 salvatoris,
1372 745 1436 842 qui

128 871 193 920 nos
220 842 308 916 fecit
334 839 463 934 dignos
491 839 527 908 in
554 857 690 932 partem
710 833 812 908 sortis
831 832 1043 911 Saniiorum
1061 832 1204 911 suorum
1224 839 1260 908 in
1280 841 1434 914 lumine:

122 994 125 999 -
156 962 342 1036 numquam
370 956 487 1006 tamen
516 932 764 1028 principaliter
783 957 925 1005 omnem
944 930 1016 1027 spei
1035 931 1165 1003 nostrae
1185 937 1377 1009 anchoram
1396 937 1435 1012 δί

129 968 299 1113 ἓάυοίηω
321 1037 357 1106 in
377 1028 561 1104 Christum
580 1032 745 1104 latemur.
772 1029 821 1101 Et
840 1031 934 1103 idem
955 1028 1226 1102 existimandum
1246 1033 1290 1105 de
1308 1058 1436 1130 pecca·
1481 1065 1492 1087 ·

36 1213 41 1220 ,
130 1157 252 1212 torum
273 1127 490 1220 remiffione,
509 1150 590 1224 qux
610 1120 855 1222 principaliter
872 1126 977 1199 nobis
993 1128 1174 1224 contingit
1194 1152 1257 1223 per
1277 1131 1347 1202 Dei
1366 1133 1435 1202 mi·

129 1230 356 1309 sericordiam
377 1227 414 1300 &
434 1245 585 1323 propter
603 1221 810 1318 Christum,
829 1227 891 1323 qui
910 1219 1023 1296 faetus
1040 1223 1091 1297 est
1109 1226 1277 1300 omnibus
1291 1227 1435 1301 obtem·

129 1326 337 1429 perentibus
365 1322 430 1396 fibi
455 1322 556 1397 causa
581 1320 700 1394 salutis
726 1340 893 1417 reternae:
929 1320 1097 1396 Secundo
1124 1326 1298 1399 tamen&
1317 1320 1435 1400 minus

128 1413 464 1524 principaliter'per
492 1419 748 1491 contritionem
768 1418 945 1513 nostram,
972 1442 1053 1518 quae
1071 1418 1167 1492 suam
1188 1421 1294 1497 habet
1312 1423 1433 1522 digni·
1496 1442 1509 1462 ·

128 1544 239 1600 tatem
259 1522 280 1594 i
298 1520 472 1594 charitate
492 1518 529 1592 &
548 1517 709 1591 bonitate
728 1517 814 1590 Dei.

731 1712 769 1787 X
791 1714 823 1787 Ι.

129 1865 226 1940 Uudl
241 1866 418 1960 proueniat
436 1863 581 1961 dignitas
598 1864 752 1936 bonarum
770 1861 928 1958 operum?
951 1860 1010 1934 De
1027 1863 1206 1955 ueceffitate
1213 1863 1359 1958 justitiae
1375 1865 1443 1937 bn·⁴
1529 1867 1534 1882 '

172 1988 289 2037 nurum
315 1985 444 2058 operum
472 1962 513 2042 &i
531 1961 675 2054 justitiae
700 1963 790 2033 bonae
815 1961 1035 2054 conscientie,
1071 1962 1113 2043 (θ’
1140 1963 1226 2056 quud
1240 1969 1434 2057 requiratur

176 2063 327 2152 Spiritus
337 2061 474 2150 sununs
492 2064 527 2128 in
544 2059 720 2149 remiffione
732 2074 940 2151 peccatorum
951 2082 963 2128 :
990 2057 1032 2136 ἐφ’
1052 2061 1087 2129 in
1105 2062 1221 2153 quibus
1238 2059 1304 2156 ipse
1323 2062 1434 2156 Spiri-

75 2221 78 2229 .
175 2154 617 2246 mfflwmmm.

196 2297 383 2370 Iuniana
403 2294 594 2369 tenendum
613 2295 664 2369 est
682 2296 894 2394 dignitatem
914 2317 1064 2389 operum
1083 2293 1435 2374 meritorio'rumnon

122 2307 191 2475 F
211 2418 256 2467 ex
275 2394 365 2467 Fide
383 2389 520 2483 solum,
548 2416 651 2488 quarn
672 2395 707 2465 in
720 2393 904 2466 Christum
925 2392 1115 2488 habemus,
1141 2397 1355 2493 procedere,
1374 2395 1434 2471 sed

125 2493 234 2564 etiam
261 2516 306 2564 ex
331 2493 489 2588 'gratuito
516 2490 654 2563 Christi
680 2491 907 2588 promiffione
934 2492 971 2565 &
990 2497 1231 2566 conventione
1247 2494 1433 2592 ejusdem,

126 2584 240 2662 modo
267 2612 341 2659 non
370 2589 412 2662 fit
440 2587 593 2661 otiosum
622 2590 773 2662 liberum
794 2589 1020 2673 Arbitrium
1051 2586 1189 2663 Verirrn
1209 2591 1316 2663 etiam
1334 2594 1431 2687 ejus·

124 2686 227 2759 modi
254 2685 348 2758 bona
374 2709 483 2781 opera
506 2685 640 2759 efficiat
665 2710 709 2759 ex
737 2686 922 2760 charitate.
967 2686 1021 2758 Ea
1046 2711 1174 2784 nempe
1199 2712 1308 2784 opera
1326 2689 1429 2785 sunt,

125 2782 255 2880 quibus
280 2784 443 2857 homines
465 2785 554 2880 justi
584 2785 664 2855 Deo
692 2786 835 2880 placent
853 2809 1006 2880 eumque
1024 2808 1297 2881 promerentur,
1322 2810 1430 2884 atque

124 2906 245 2955 coram
275 2880 359 2954 Deo
386 2879 498 2980 digne
517 2882 711 2954 ambulent.
749 2882 859 2956 Unde
877 2878 1015 2978 liquidi)
1036 2882 1173 2956 constat
1186 2884 1289 2980 justis
1308 2909 1430 2960 neces·

122 2980 243 3054 sariam
262 2977 331 3052 effe
347 2978 519 3076 justitiam
540 2981 719 3053 bonorum
739 3004 888 3076 operum
910 3005 976 3053 nec
995 3004 1066 3052 non
1080 2982 1302 3079 &justitiam
1321 2983 1430 3056 bonae

125 3077 377 3171 conscientiae,
404 3080 439 3149 in
457 3103 526 3175 qua
542 3078 766 3175 gloriabatur
785 3077 1003 3174 Apostolus,
1023 3080 1192 3177 quodque
1209 3083 1245 3152 in
1260 3077 1431 3156 remiilio·

124 3195 169 3244 ne
187 3197 418 3267 peccatorum
439 3175 544 3248 detur
562 3177 718 3270 Spiritus
735 3175 893 3268 sanetus,
920 3178 957 3250 &
976 3179 1012 3247 in
1031 3180 1072 3248 iis
1091 3203 1162 3250 non
1181 3198 1340 3269 maneat,
1365 3179 1429 3276 qui
1476 3184 1479 3190 ’

123 3269 289 3340 mortalia
313 3294 462 3365 peccata
488 3276 746 3363 committunt,
783 3275 853 3345 hoc
880 3273 953 3361 est,
988 3297 1069 3366 quae
1097 3273 1187 3346 facta
1215 3274 1282 3346 sint
1302 3297 1431 3349 contra

124 3363 399 3460 conscientiam,
420 3370 560 3469 Legem
580 3371 674 3464 Dei,
699 3388 761 3443 aut
778 3389 906 3444 contra
923 3369 1098 3446 Ecclesrae
1116 3372 1172 3445 leu
1192 3372 1430 3470 superiorum

123 3464 293 3537 nonnulla
310 3487 506 3565 praecepta.
