3322 4456
208 244 317 370 aa
403 285 789 364 rrrsronra
830 282 1279 365 evaneatrr
1326 287 1519 377 namura

206 434 419 515 guratetur,
449 417 652 490 Iansrrtas
675 436 823 511 quoque
846 409 965 484 noster
982 413 1129 508 'primur
1157 415 1195 489 in
1216 440 1257 490 ca
1274 419 1513 496 constituere·

210 533 270 587 tur
287 513 434 588 Theolo
459 515 507 585 iae
528 509 714 586 Professor.
756 505 976 598 Enimverit,
1003 532 1087 583 cum
1107 510 1155 584 A.
1168 537 1273 610 1529.
1297 519 1340 590 ad
1359 543 1513 616 compo.

84 613 86 616 ’
209 612 346 684 nendos
372 611 395 684 d
457 634 562 684 orum
591 608 917 706 Evangelicorum,
951 606 1230 684 Helveticorum
1257 614 1295 688 δι
1313 616 1514 693 saxonico

73 796 80 803 ⁸
209 731 288 780 rum
317 709 452 782 animos
469 729 559 780 nutu
576 706 755 801 Principis
772 705 860 777 illud
881 703 1153 780 celeberrimum
1172 708 1417 787 institueretur
1434 719 1514 790 Col·

209 809 355 902 loquium
377 806 638 903 Morburgense,
672 825 750 877 tum
776 800 986 875 Franciscus
1004 801 1144 893 noster,
1170 807 1279 879 animi
1297 811 1352 880 uti
1371 813 1520 888 videtur

210 905 387 999 pendens,
413 926 599 999 quamnam
619 901 823 998 sequeretur
840 898 1070 990 sententiam,
1097 923 1171 972 non
1185 906 1384 1000 eiquidem
1401 911 1514 984 inter-

210 997 302 1092 fuit,
338 1023 505 1095 tanquam
530 997 652 1086 adcor,
684 1000 745 1094 qui
763 997 1005 1090 colloquentis
1023 997 1183 1091 partibus
1201 1000 1436 1099 fungeretur,
1460 1028 1517 1081 at·

63 1141 65 1144 -
210 1117 329 1172 tamen
350 1120 518 1191 tanquam
534 1097 698 1186 auditor,
716 1117 759 1166 eo
778 1116 862 1165 cum
880 1090 1061 1182 successu,
1079 1113 1121 1165 ut
1141 1097 1179 1168 &
1199 1099 1293 1192 ipse,
1314 1102 1350 1174 dt
1371 1104 1514 1201 Philip·

210 1219 277 1293 put
307 1198 502 1291 Princeps,
537 1193 666 1264 abinde
690 1194 726 1263 in
757 1191 1012 1264 Heluetiorum
1039 1189 1083 1261 dt
1109 1189 1203 1266 sacra
1228 1195 1349 1270 Coena
1373 1197 1514 1275 senten·

158 1367 160 1371 ,
210 1295 295 1367 tiam
317 1295 367 1381 (a)
392 1290 611 1374 secesserint,
649 1287 784 1386 Neque
809 1309 950 1380 tamen,
982 1309 1066 1361 eum
1092 1287 1222 1363 abinde
1238 1293 1302 1365 diu
1321 1294 1425 1368 rebus
1444 1299 1511 1369 hu·

200 1392 322 1465 manis
341 1387 441 1462 fuisse
459 1385 706 1484 superstitem,
738 1386 946 1461 Academici
965 1382 1241 1482 Marburgonfia
1257 1390 1518 1469 Univerfitatis

211 1487 368 1566 Annaled
385 1485 583 1576 testantur,
603 1486 739 1582 quippe
756 1508 838 1557 curn
860 1485 907 1556 A.
921 1503 1027 1578 1530.
1041 1483 1117 1576 jam
1135 1483 1212 1560 sato
1230 1486 1273 1563 sit
1291 1487 1458 1584 moetus,
1477 1491 1517 1572 dt

129 1587 132 1590 ’
210 1581 310 1656 triste
336 1582 386 1657 sui
414 1583 507 1680 apud
531 1580 805 1680 Matburgenses
823 1581 1009 1677 reliquerit
1026 1579 1260 1682 desiderium,
1288 1588 1361 1662 hoc
1379 1588 1517 1665 conde·

210 1703 355 1756 curatus
373 1681 584 1778 Epitaphio.
603 1679 660 1775 (b)

351 1825 569 1902 Lambertus
586 1825 689 1900 claris
708 1824 900 1900 Gallorum
920 1821 1053 1900 finibus
1069 1846 1172 1903 ortua
1213 1883 1215 1887 ψ

400 1925 498 1998 Exul
517 1945 702 2038 pergratus
722 1923 852 1997 Martis
871 1923 907 1997 in
925 1921 1014 1995 urbe
1032 1921 1118 2000 fuit.
1229 1949 1233 1956 ⁴

351 2023 543 2118 Explicuit
561 2024 676 2098 sacros
697 2021 814 2095 studio
833 2019 993 2094 fervente
1013 2023 1235 2121 Prophetas,

399 2121 599 2219 Scriptura
618 2119 741 2196 sanctis
759 2118 899 2193 deditus
918 2116 1086 2194 historiis.
1141 2153 1144 2159 ·

352 2218 429 2292 Hic
451 2220 682 2318 Evangelicae
700 2215 874 2292 dodirinae
893 2213 1051 2293 summus
1068 2240 1230 2317 amator,

399 2317 525 2396 Hostis
544 2318 716 2393 Romulei
736 2317 899 2393 Praesulis
916 2339 997 2389 acer
1014 2338 1101 2393 erat.
1359 2320 1362 2326 “

203 2473 225 2506 -,
351 2413 480 2493 Edidit
501 2419 536 2491 in
560 2419 696 2492 Divum
715 2415 810 2491 sacra
827 2417 1086 2492 commentaria
1104 2416 1271 2510 Lucam,

398 2515 460 2589 De
478 2522 628 2615 captivo
646 2517 802 2592 hominis
819 2511 959 2612 scripsit
978 2513 1015 2588 ὃ(
1034 2512 1198 2592 arbitrio.

351 2613 532 2713 Conjugii
552 2616 662 2693 taedas
680 2615 768 2691 sacri
785 2613 945 2688 laudavit
964 2609 1152 2704 honestas,

398 2711 537 2778 l’olluti
557 2713 703 2781 thalami
722 2709 855 2802 probra
871 2705 1020 2775 nefanda
1036 2724 1177 2773 notans.

352 2797 545 2872 Gallorum
564 2801 664 2898 Regi
684 2797 877 2875 transmitit
896 2799 934 2871 &
952 2794 1026 2890 ipse
1046 2794 1212 2888 libellos,

401 2893 590 2992 Exoptans
608 2897 738 2974 Patriae
757 2894 949 2968 commoda
968 2888 1060 2963 serre
1077 2889 1162 2965 suae.

352 2990 422 3067 Sed
441 2993 521 3089 quis
539 2992 718 3089 narrabit,
744 3015 835 3088 quos
853 2987 1031 3088 scripserit
1049 2988 1110 3062 ille
1127 3007 1185 3063 tot
1203 2985 1304 3062 annis

398 3090 579 3190 Repletos
596 3093 711 3166 multa
727 3088 990 3189 commoditate
1008 3087 1133 3162 libros.
1405 3183 1423 3258 I

1426 3209 1518 3261 nno·

250 3353 301 3432 (a)
325 3349 388 3415 vid.
405 3348 720 3418 SCHELHORN.
739 3348 898 3416 Amoenit.
917 3347 1015 3416 Liter.
1033 3347 1079 3414 T.
1098 3347 1159 3413 lV.
1184 3370 1214 3433 p.
1233 3349 1305 3432 376.
1323 3348 1370 3430 sq.
1410 3345 1453 3412 Et
1469 3348 1517 3412 sa·

209 3431 271 3515 ue,
302 3453 380 3500 cum
403 3434 427 3500 is
451 3435 490 3500 ad
514 3435 667 3501 ministros
692 3433 844 3501 Ecclesia
869 3433 1101 3520 Argentintnsrs
1119 3433 1266 3504 libellum
1282 3429 1516 3515 conscripserit,

177 3551 178 3554 ¹
209 3517 267 3584 sub
283 3516 395 3583 titulo:
412 3518 580 3606 symbolam
590 3519 717 3600 foderis
733 3540 890 3607 nunquam
906 3517 1088 3607 rumpendi,
1099 3516 1161 3601 “qni
1178 3517 1223 3582 A.
1235 3532 1328 3600 ¹530·
1352 3515 1515 3599 Argento-

209 3602 265 3670 rati
280 3602 412 3684 prodiit,
435 3624 578 3691 cumque
594 3604 625 3670 in
641 3622 682 3668 eo
698 3604 809 3669 libello
825 3603 976 3671 dodirinat
993 3601 1149 3685 Zwinglli
1164 3599 1281 3666 subscri
1305 3600 1392 3679 serit,
1418 3618 1517 3666 uemo

208 3685 361 3769 amplius,
387 3689 516 3754 eumad
534 3703 672 3756 mortem
689 3708 810 3772 utque,
835 3686 965 3753 Luthcri
981 3684 1133 3752 dodirinae
1148 3685 1257 3751 adhafi
1287 3704 1324 3766 e,
1347 3684 1516 3751 adfirmare
1582 3758 1586 3766 ¹

177 3847 180 3857 .
208 3771 330 3856 poterit.
374 3769 474 3839 Cous.
490 3773 540 3837 dir
557 3771 724 3920 Caffespcbe
739 3769 1023 3853 Wecbsesscsrrifren
1041 3769 1159 3835 Caffel.
1181 3773 1273 3851 1632.
1298 3789 1328 3852 p.
1348 3766 1420 3848 258.
1439 3787 1514 3848 259.
1606 3813 1621 3827 c

250 3855 302 3933 (b)
327 3850 381 3918 Esl
405 3856 433 3920 ei
450 3856 481 3923 id
495 3857 631 3941 politum
683 3854 883 3926 NiGlDlO
900 3857 932 3921 in
947 3853 1107 3936 Catalogo
1125 3852 1342 3920 Professorum
1360 3852 1516 3919 Marbur·

207 3936 351 4025 geuilum
367 3939 433 4009 vid.
449 3937 809 4024 lemmatum
826 3939 896 4009 Vit.
912 3938 1045 4015 eadee
1062 3937 1184 4011 Theol-
1201 3935 1425 4025 Mattiacas.
1440 3951 1512 4022 μμ
