3322 4456
185 353 261 441 ,1⁶
394 333 777 413 ursaonia
819 334 1260 417 nvamonnii
1319 350 1513 454 A.1543.‘'

188 489 260 562 que
282 465 447 542 haetenus
464 466 672 568 usurpatum
690 464 821 553 fuerat)
841 465 963 562 lingua
980 469 1189 560 vernacula,
1217 470 1287 544 five
1308 477 1481 574 Angljca.
1561 493 1566 502 ¹

187 586 254 656 na,
279 567 413 662 quippe
431 590 514 638 cum
534 569 659 639 eodem
678 565 748 636 hoc
765 587 856 634 anno
873 563 966 659 apud
986 559 1142 638 Thomam
1158 569 1350 663 Berthelet,
1368 579 1483 673 Regis

188 661 1480 759 typographum,eadenuotypisiirprimerentursubtituloDoll‘rr'naene·

186 761 329 850 caffirriae
338 777 435 856 atque
448 763 699 855 Infirmationis
710 759 848 829 hominis
859 759 1052 851 christiani.
1065 759 1112 848 (a)
1135 760 1393 841 Declarabutur
1404 790 1480 841 tan·

188 853 291 945 dein,
320 854 585 929 Ecclesiasticus
603 856 647 927 ab
667 855 737 925 hoc
756 854 848 925 libro
867 853 1002 924 diversa
1018 854 1216 948 tradentes,
1236 861 1314 953 post
1333 868 1482 958 primam
1515 910 1519 914 >

186 949 475 1045 convislionem,
501 954 543 1024 ad
563 951 839 1024 renunciandum
858 951 1034 1024 erroribus
1053 953 1141 1040 suis,
1160 952 1240 1047 post
1253 957 1420 1054 alteram,
1438 965 1481 1037 ad

91 1117 95 1124 .
186 1049 379 1119 eorundem
408 1051 634 1147 ejerationem
664 1048 701 1119 ὅ(
728 1046 961 1141 gestationem
988 1045 1146 1118 fasciculi
1173 1052 1367 1147 adigendos
1393 1059 1480 1152 elie,

69 1181 71 1184 >
186 1141 277 1236 post·
297 1149 436 1217 tertiam
463 1170 549 1216 vcro
569 1145 648 1233 (b),
682 1163 763 1232 aut,
800 1141 984 1237 siejerare
1011 1142 1192 1232 recusent,
1220 1152 1483 1230 comburendos
1550 1230 1553 1236 ,

185 1239 265 1312 elie.
293 1242 421 1313 Laicos
440 1238 526 1311 verb
545 1239 624 1336 post
643 1241 783 1311 tertiam
802 1236 1090 1326 convictionem,
1110 1236 1211 1310 boiiis
1230 1243 1384 1338 ipsorum
1395 1252 1483 1325 fisco

183 1335 354 1428 addistis,
389 1337 430 1407 ad
456 1361 610 1409 carceres
636 1356 828 1432 perpetuos
854 1333 922 1405 ess'e
946 1333 1243 1410 condemnandos.
1291 1342 1480 1442 Denique,

184 1437 352 1526 quoniam
382 1432 547 1506 hadlenus
573 1458 634 1505 reo
661 1455 733 1503 non
760 1434 908 1503 licuerat
926 1429 1072 1526 prolatis
1091 1430 1238 1506 testibus
1256 1433 1277 1505 a
1294 1436 1326 1508 se
1344 1444 1480 1515 crimen

183 1530 347 1618 amoliri,
380 1531 415 1601 id
442 1554 559 1620 nunc,
594 1528 689 1623 quod
710 1529 829 1624 magni
850 1526 955 1598 instar
972 1526 1136 1600 beneficii
1157 1530 1372 1629 habebatur,
1398 1563 1480 1635 per·

94 1661 110 1695 a
184 1625 420 1717 mittebatur,
438 1650 478 1698 ac
498 1627 540 1696 de
559 1626 765 1719 reliquores
784 1625 899 1696 omnis
916 1624 957 1693 ad
969 1623 1132 1696 REGIS
1145 1626 1360 1702 referebatur
1373 1634 1480 1708 bene·

182 1720 380 1814 placitum,
407 1723 464 1792 cui
485 1746 550 1814 pro
568 1721 715 1791 arbitrio
734 1720 879 1808 liceret,
905 1718 948 1788 de
966 1719 1140 1813 religione
1157 1721 1397 1820 constituere,
1423 1755 1479 1803 ie·

133 1832 137 1838 ’
184 1816 268 1891 lida
286 1817 433 1890 subditis
450 1841 522 1887 non
540 1817 605 1886 alia
623 1813 686 1886 nisi
706 1813 864 1909 obsequii
882 1811 1009 1910 gloria.

229 1915 368 1987 Interea
396 1934 534 2004 tamen,
568 1911 724 2005 ejusdem
750 1912 831 1982 anni
858 1908 973 1983 mense
999 1909 1120 2004 Julio,
1146 1913 1243 2008 quod
1261 1939 1354 1990 nova
1369 1918 1479 1997 fuerit

179 2031 306 2083 exorta
332 2011 553 2107 persecutio,
586 2030 713 2081 contra
740 2007 1020 2102 Wndsirienses,
1054 2031 1182 2103 novae,
1207 2013 1262 2085 uti
1280 2018 1479 2112 vocabant,

178 2105 355 2179 doslrinae
383 2107 557 2197 fautores,
591 2130 635 2178 ex
666 2103 765 2176 Aslis
793 2106 947 2200 publicis
965 2102 1103 2179 constat
1123 2108 1174 2200 (c)
1201 2113 1355 2205 partim,
1381 2118 1479 2212 quod

179 2201 387 2278 dicerentur
417 2205 525 2277 libros
553 2204 670 2302 legere
696 2201 753 2274 sex
779 2203 938 2276 articulis
964 2204 1186 2297 contrarios,
1225 2211 1354 2301 partim
1381 2214 1479 2309 quod

178 2300 268 2399 ipsis.
296 2302 582 2400 impingerentur
615 2299 723 2375 verba
756 2300 920 2393 quaedam
955 2298 1116 2374 adversus
1146 2302 1290 2377 Missam
1319 2311 1478 2403 prolata,

177 2399 322 2570 puando
342 2423 434 2494 tres,
459 2397 780 2474 ecclesiasticorum
798 2396 989 2494 instindu,
1015 2400 1177 2495 martyrii
1195 2424 1345 2474 moriem
1365 2403 1480 2481 subire

193 2520 258 2573 unt
284 2498 422 2591 euasti,
456 2500 541 2571 dum
569 2495 782 2590 nequidem
809 2495 976 2592 Regina,
1011 2519 1114 2590 quam
1143 2519 1256 2590 nuper
1280 2498 1413 2574 sextam
1441 2506 1479 2579 δι

178 2596 342 2671 ultimam
370 2597 433 2668 sibi
459 2596 689 2669 matrimonio
719 2595 801 2664 Rex
832 2596 1017 2683 junxerat,
1044 2594 1233 2669 Catharina
1254 2595 1476 2689 PARRIA,

178 2691 332 2763 Domini
361 2693 533 2762 Latimeri
556 2689 675 2759 Vidua
694 2689 769 2778 (d),
796 2686 1064 2760 Reformationi
1081 2689 1167 2761 licet
1185 2689 1324 2779 favens,
1350 2716 1476 2797 eorum

179 2785 217 2857 in
234 2785 267 2857 se
287 2787 525 2879 patrocinium
545 2784 704 2870 recipere
721 2777 798 2848 ausa
816 2779 897 2848 fuit.

154 2909 156 2912 ·
227 2880 358 2969 Quin,
393 2881 522 2949 mirum
549 2871 672 2959 dislu,
713 2869 777 2960 ipfi
805 2869 923 2938 denub
951 2871 1150 2938 Craamero
1176 2894 1241 2942 ceu
1269 2873 1474 2952 Haeretico·

65 2991 75 3014 ·
179 2996 258 3047 rum
279 2974 489 3068 principi&
509 2967 680 3072 Fautori,
698 2963 726 3073 ‘a
745 2960 966 3073 Gardinero,
993 2960 1092 3071 holle
1111 2965 1353 3063 internecino,
1380 2977 1475 3073 ejus.

178 3093 249 3172 que
274 3069 400 3163 sociis,
435 3063 576 3140 stiudtae
604 3080 795 3133 criminum
823 3056 979 3132 insidiae:
1016 3057 1187 3136 Simulata
1204 3068 1338 3165 quippe
1361 3073 1476 3172 Regis

1388 3196 1475 3247 con·

177 3335 270 3484 Ρὲει)
296 3333 328 3398 Α
345 3328 504 3478 necessarp
516 3325 657 3402 dodrine
672 3321 1138 3393 andErudirionofaChristian
1150 3324 1241 3392 Man.
1258 3330 1475 3401 videRY.

263 3415 453 3482 Memorials
508 3410 614 3478 ccless.
640 3411 718 3477 Vol.
737 3412 761 3477 l.
788 3430 816 3474 c.
838 3407 878 3473 L.
903 3409 962 3472 fol.
982 3406 1051 3490 378.
1079 3407 1177 3487 Sunt,
1201 3415 1254 3493 qui
1271 3413 1475 3487 observarunt

176 3499 303 3587 propius
323 3498 390 3582 jani
416 3502 511 3582 longe
536 3501 618 3560 lianc
644 3498 758 3561 librum
782 3496 820 3557 ad
839 3491 1099 3556 Reformatorum
1117 3491 1290 3560 anatinam
1308 3504 1474 3585 accedere,

178 3602 276 3668 quain
300 3583 428 3667 quidem
453 3583 641 3661 superiorem
667 3580 780 3657 illum,
813 3575 898 3641 &in
947 3595 1019 3639 uam
1037 3577 1143 3641 multis
1161 3580 1275 3645 horum
1293 3582 1474 3654 libellorum

177 3669 313 3740 dierum
329 3669 366 3730 ab
383 3668 481 3730 aliero
498 3663 558 3729 effe
574 3664 742 3728 diversum.
767 3595 951 3726 sTRYPd
968 3660 1014 3723 fol
1038 3658 1109 3741 381.

218 3768 271 3852 (b)
295 3764 513 3833 BURNET.
538 3768 560 3828 l.
578 3786 606 3830 c.
631 3764 660 3829 bt
679 3762 757 3847 Rap·
775 3759 1023 3828 THOYRAZ.
1043 3765 1065 3828 l.
1083 3784 1112 3831 c.
1128 3784 1239 3849 p.421.
1254 3785 1328 3849 422.

218 3856 270 3940 (c)
294 3875 326 3919 v.
343 3853 559 3922 BURNET.
582 3856 720 3937 fol.179,

219 3944 273 4034 (d)
296 3943 408 4033 Rapio.
425 3942 676 4015 THOYRAZ.
701 3950 723 4013 l.
739 3968 769 4014 c.
790 3966 819 4053 pq.
835 3961 908 4029 433.
