3322 4456
176 358 249 460 30⁸
386 357 1474 467 H1s'rott1AnvANGnL11A.154i.

173 488 378 584 prodierat:
404 492 495 564 Eam
513 493 632 582 enim,
657 491 775 590 Regis
789 491 1002 566 audoritate
1017 491 1173 585 editam,
1198 514 1283 565 cum
1302 493 1478 589 impedire

246 589 364 661 nitent
389 588 587 686 Episcopi,
611 591 857 662 variistamen
876 590 1165 663 cavillationibus
1181 590 1353 685 impetere
1369 611 1478 687 atque

174 607 361 758 mare
386 711 460 759 non
485 685 720 776 desistebant,
746 687 938 760 referentes
956 691 993 757 in
1011 686 1161 780 Synodo
1178 689 1276 758 circa
1292 710 1345 758 rer
1360 690 1479 760 eccle·

178 776 351 873 fiasticas,
369 783 514 874 condia,
539 836 566 873 „
582 786 775 855 innumeris
791 809 867 856 eam
881 792 929 871 sa*
947 784 1080 855 scatere
1097 785 1257 872 mendis,
1274 785 1319 855 ab
1331 784 1480 878 Episco-

176 879 270 972 „pit
291 883 328 952 dt
347 884 457 952 Sacro
472 905 596 951 eorum
615 881 774 976 collegio
791 882 1014 978 corrigendis
1031 881 1069 953 dc
1089 880 1339 973 emendandis,
1366 881 1478 975 porro

176 998 293 1065 „erm
312 986 411 1070 (quae
430 980 602 1071 Stephani
620 977 885 1050 Wintonienfis
901 999 977 1049 erat
994 979 1192 1062 cavillatio)
1210 976 1320 1074 longe
1337 977 1484 1050 inferio·

174 1095 290 1161 „rem
315 1073 384 1145 esse
408 1073 569 1146 uerfione
587 1074 739 1163 Latina,
763 1077 938 1167 nequead
956 1076 1034 1167 ejus
1053 1075 1280 1169 Majessatem
1300 1074 1482 1153 accedere.

176 1168 300 1259 „nne
316 1169 514 1241 autemere
532 1169 738 1263 religionis,
756 1189 797 1240 ut
816 1172 909 1240 idem
925 1169 1247 1262 illeargutabatur,
1266 1172 1484 1264 utquaedam

176 1268 413 1356 „vocabula,
448 1264 473 1334 si
500 1266 548 1333 ita
574 1264 673 1357 loqui
691 1263 741 1334 fas
759 1264 824 1357 sit,
849 1265 1068 1360 majestatica
1087 1262 1168 1355 (b),
1192 1287 1348 1360 quaeque
1365 1271 1485 1340 minus

177 1366 410 1453 „commode
427 1364 463 1430 in
476 1363 671 1454 Anglicum
691 1361 824 1433 idioma
837 1361 1014 1435 transferri
1030 1382 1219 1457 poterant,
1238 1363 1415 1457 &quibus
1431 1387 1485 1437 ta·

177 1481 297 1549 „men
321 1458 451 1529 assueta
474 1478 550 1529 emt
574 1455 744 1547 ecclelia,
772 1461 808 1530 in
827 1459 988 1533 versione
1005 1459 1207 1554 Anglieana
1223 1461 1484 1551 retinerentur,

175 1555 332 1647 „qualia
348 1575 471 1643 erant,
499 1554 679 1641 Ecclefia,
705 1557 949 1644 Paenitentia,
975 1557 1170 1645 Pontifex,
1197 1557 1362 1649 Ancilla,
1381 1557 1485 1630 Con·

177 1651 345 1741 „tritus,
380 1651 623 1741 Holocausta,
648 1650 812 1744 Justitia,
837 1651 1080 1743 Justificatio,
1107 1652 1247 1741 idiota,
1274 1653 1486 1743 Elementa,

177 1745 420 1841 „baptizare,
446 1748 610 1840 Maiam,
636 1748 803 1837 adorare,
822 1747 1050 1839 Sandalium,
1069 1746 1244 1842 fimplex,
1261 1745 1485 1838 Tetrarcba,

176 1892 206 1935 „
216 1845 509 1935 Sacramentum,
535 1843 784 1933 simulacrum,
809 1841 1057 1938 gloriaetfim.
1081 1864 1124 1917 ut
1148 1841 1254 1915 satius
1276 1840 1395 1936 foret,
1419 1843 1486 1916 illo

176 1941 365 2033 „Judice,
383 1939 560 2033 ejusmodi
579 1940 748 2011 adornare
760 1939 994 2033 Versronem,
1011 1965 1094 2037 quae
1111 1937 1268 2011 sollicite
1286 1940 1489 2014 baecvoca·

176 2037 300 2129 „bula
320 2039 447 2110 Latina
464 2038 594 2127 quibus
604 2036 812 2113 assuefiidlus
822 2061 897 2113 erat
906 2044 1064 2138 populus
1073 2037 1297 2112 Christianus
1306 2035 1486 2132 servaret,

175 2128 336 2232 „sicque
353 2133 443 2205 nihil
460 2136 505 2206 de
514 2134 662 2231 pristina
678 2137 871 2233 Majestate
885 2142 1094 2211 remitteret.
1105 2188 1133 2227 „
1158 2133 1237 2207 Vix
1255 2137 1354 2208 credi
1369 2157 1491 2211 autem

176 2234 299 2329 potest
323 2235 500 2329 ejusmodi
527 2236 679 2331 ineptias
695 2234 787 2308 serii>
807 2238 963 2335 proponi
980 2234 1158 2331 potuisse,
1182 2233 1248 2307 nili
1266 2234 1325 2306 vel
1342 2236 1393 2308 ita
1410 2259 1489 2309 cre·

177 2329 320 2406 didisset
339 2331 579 2425 Gardinerus,
608 2330 849 2428 superstitioni
868 2335 980 2409 veteri
1001 2357 1135 2406 novum
1155 2333 1335 2427 quoddam
1353 2357 1490 2427 procu·

178 2430 248 2503 rati
266 2427 365 2529 polle
383 2429 659 2522 fulcimentum,
686 2430 743 2501 vel
757 2428 879 2505 saltem
896 2431 1106 2528 judicasset,
1125 2452 1199 2502 rem
1220 2428 1488 2525 protrahendo,

178 2547 289 2624 atque
315 2531 470 2603 morosas
498 2527 718 2603 instituendo
742 2529 1036 2621 deliberationes,
1062 2550 1181 2602 totum
1201 2527 1289 2600 illud
1307 2526 1350 2598 de
1368 2528 1490 2623 publi·

178 2632 292 2705 canda
318 2625 492 2698 Verfione
520 2628 719 2720 Anglicana
737 2628 926 2699 confilium
944 2629 1041 2699 eludi
1061 2623 1182 2719 poffe;
1211 2625 1252 2696 ld
1272 2625 1386 2716 igitur
1402 2645 1488 2694 cum

178 2721 381 2791 adverteret
408 2723 595 2792 Cranmen
622 2721 811 2812 sagacitas,
844 2744 960 2811 neque
985 2721 1113 2804 aliam,
1147 2744 1216 2806 qua
1243 2719 1277 2784 se
1300 2717 1399 2781 tricis
1418 2715 1489 2781 illis

178 2815 387 2907 expediret,
407 2822 579 2883 rationem
600 2811 786 2901 pervidere
803 2813 941 2902 posset,
959 2815 1104 2895 Regem
1114 2810 1232 2891 adire,
1250 2807 1375 2895 eique,
1394 2805 1488 2879 clam

179 2909 325 2998 reliquis
351 2907 618 2977 saluberrimum
646 2901 871 2993 suppeditare
896 2898 1115 2985 consilium,
1158 2919 1200 2968 ut
1223 2896 1359 2970 scilicet
1388 2899 1486 2974 illam

180 3000 395 3078 Verstonem
414 3002 456 3071 ad
476 3018 664 3091 utramque
683 2993 962 3066 Univerfitatem
974 2993 1217 3067 Oxoniens'em
1236 2995 1489 3089 atqueCanta·

178 3100 392 3203 brigienfem
411 3099 653 3172 examinatum
674 3093 856 3185 mitteret,
874 3115 943 3184 qua
960 3094 1097 3165 ratione
1115 3117 1190 3165 rem
1206 3115 1318 3166 totam
1338 3095 1489 3189 spisco-

180 3225 312 3301 porum
331 3196 491 3271 manibus
508 3193 834 3301 eripi‚'eorumque
853 3189 1016 3264 malefida
1029 3195 1217 3264 conamina
1234 3193 1373 3288 prorsus
1392 3197 1489 3271 eludi

179 3298 279 3396 posse
296 3292 530 3393 praevidebat.
556 3290 679 3363 invito
697 3290 863 3387 equidem
883 3291 919 3364 id
933 3294 1093 3366 tulerunt
1107 3292 1226 3363 animo
1238 3291 1408 3461 Episcodpi
1422 3298 1488 3388 (c),

1388 3415 1488 3464 icen·

220 3488 271 3570 (a)
295 3482 513 3551 BURNET.
537 3476 718 3567 sol.173.b.
742 3528 749 3540 ·

221 3571 275 3651 (b)
300 3567 399 3634 Cons.
420 3566 622 3637 FULLER
641 3569 721 3636 Hisl.
747 3566 839 3635 Eccl.
864 3565 980 3653 Magn.
998 3568 1074 3633 Brit.
1092 3566 1235 3649 solz38.
1261 3569 1316 3649 qui
1334 3569 1490 3649 integrum

179 3654 422 3721 uocabulorum
440 3655 457 3718 a
474 3654 653 3720 Gardinero
670 3675 739 3719 eam
758 3655 788 3719 in
806 3674 872 3718 rem
890 3653 1057 3718 citatorum
1077 3652 1151 3715 texit
1167 3658 1369 3735 catalogum,
1396 3656 1489 3721 simul

178 3752 285 3807 entem
309 3738 423 3817 refert,
455 3758 553 3822 quam
580 3759 677 3805 omne
694 3740 774 3804 illud
792 3737 976 3818 consilium,
1001 3757 1068 3821 quo
1085 3740 1157 3801 cusu
1177 3738 1293 3802 nescire
1311 3741 1340 3802 se
1357 3739 1489 3822 fatetur,

178 3822 273 3891 fuerit
289 3822 545 3887 sufflaminatum.

174 3909 271 4061 Bstea}
296 3904 515 4059 ”31beth
524 3906 602 4076 lfol3
605 3921 687 4073 9174.
701 3928 728 3976 a.
760 3908 790 3974 ἃ
816 3905 843 3972 F
848 3901 1018 3974 ULLER
1042 3905 1074 3973 iu
1096 3904 1167 3975 The
1189 3903 1321 3973 Church
1343 3905 1428 3973 liiii.
1448 3899 1492 3965 os

204 4011 229 4059 n
272 4011 303 4059 n.
360 4036 367 4054 .
406 4011 449 4058 oo
501 4010 583 4059 0.2
628 4036 636 4055 .
