3322 4456
731 311 865 407 (20·r·)

142 442 321 523 scedentei
338 436 365 512 Ξ
376 436 583 513 ministerio.
609 435 820 532 Postremo,
840 439 864 511 fi
883 437 944 512 liic
961 433 1283 535 vellent'Episcop'i
1302 433 1445 515 conl'ul·

143 559 220 616 tum
239 535 487 623 conscientiis,
513 534 640 609 deinde
658 537 862 610 ordinarent
880 536 1106 633 presbyteros
1128 534 1198 608 sane
1217 539 1334 628 votis,
1356 537 1447 611 licut

142 635 281 713 constat
296 657 341 709 ex
361 633 538 706 veteribus
558 632 788 725 Curionibus,
814 633 900 705 olim
919 628 1141 728 multossrne
1158 651 1247 703 voto
1265 635 1448 708 ordinatos

142 732 233 825 effe,
259 734 296 807 bt
314 732 379 805 hos
396 726 479 803 ciam
500 729 621 821 postea
639 729 812 805 ducerent
830 754 980 824 uxores,
1006 727 1162 802 manfilse
1181 729 1217 799 in
1234 731 1445 825 ministerio,

143 850 187 905 ut
204 828 353 903 testatur
371 831 454 924 Cap.
472 827 620 900 Diucuui
635 827 709 922 dist.
731 825 788 900 28.

191 925 382 1015 profesto,
400 924 486 1017 quid
505 945 651 1019 querar,
671 922 810 997 dubito.
842 925 933 997 Non
953 925 988 995 in
1009 923 1080 996 hoc
1098 920 1250 994 articulo
1268 920 1444 994 inscitiam

22 1083 26 1091 ,
143 1020 306 1096 accusare
333 1019 484 1117 possum.
520 1020 646 1092 Nemo
662 1022 804 1118 ignorat
824 1022 1028 1094 mandatum
1050 1021 1142 1110 Dei,
1178 1021 1321 1112 Propter
1330 1021 1445 1114 forni-

144 1124 302 1192 rationem
319 1119 440 1190 habeut
457 1123 673 1213 unusquisque
691 1143 823 1198 uxorem
832 1118 971 1214 suana,
980 1118 1023 1190 N
1026 1142 1107 1189 emo
1126 1139 1197 1188 non
1215 1117 1313 1187 videt
1331 1117 1446 1210 qualis

144 1214 189 1288 fit
206 1218 280 1287 vita
296 1214 496 1303 coelibum,
520 1214 698 1286 bonorum
744 1218 873 1290 uerelae
893 1214 990 1288 not'lae
1010 1213 1112 1302 sunt,
1135 1212 1308 1283 malorum
1329 1213 1445 1308 turpi-

144 1312 234 1386 tudo
253 1309 433 1383 manifesla
449 1309 511 1382 est.
531 1310 599 1382 Sed
621 1309 692 1384 fort
738 1337 766 1385 is
786 1313 959 1407 Episcopi
976 1311 1081 1382 isthic
1099 1310 1290 1405 Epicureas
1302 1310 1446 1403 opinio·

141 1432 206 1482 nes
231 1408 385 1501 habent,
429 1407 586 1479 'udicant
613 1407 734 1480 Deum
760 1431 833 1480 non
858 1405 994 1479 offendi
1021 1406 1248 1496 libidinibus,
1289 1403 1443 1500 quodfi

143 1505 323 1600 sentiunt,
357 1432 541 1580 difficilem
569 1527 633 1579 nos
658 1504 803 1602 quidem
830 1505 966 1578 causam
993 1505 1131 1602 agimus
1158 1503 1252 1598 apud
1276 1504 1361 1575 tales
1377 1502 1445 1596 Ju-

144 1604 254 1676 dices.

191 1699 279 1772 Scio
313 1698 526 1771 coelibatum
560 1699 734 1794 aptiorem
765 1695 833 1772 else
858 1697 900 1770 ad
930 1695 1150 1794 splendorem
1181 1695 1444 1791 Episcoporum

144 1793 440 1893 &collegiorum
459 1792 760 1888 conservandum,
793 1797 832 1869 bt
850 1796 893 1867 ad
912 1819 999 1890 opes
1017 1794 1176 1869 tuendas.
1210 1795 1339 1884 Hanc,
1364 1796 1446 1890 opi·

142 1915 232 1984 nor,
258 1893 467 1990 quibusdam
484 1889 553 1965 esse
571 1891 732 1986 causam,
757 1916 823 1965 cur
841 1914 1028 1989 tantopere
1045 1891 1256 1965 abhorreant
1274 1889 1293 1960 i
1312 1894 1444 1986 conju·

142 1991 209 2086 gio
226 1990 473 2064 Sacerdotum.
516 1990 586 2060 Sed
605 1988 627 2060 ὂ
646 1989 803 2063 miseram
823 1989 1042 2079 Ecclesiam,
1074 1986 1244 2063 srservire
1261 1989 1356 2084 leges
1372 2011 1445 2063 non
1535 1992 1538 1997 “

145 2087 312 2176 veritati,
346 2109 419 2156 non
447 2085 624 2155 voluntati
654 2088 747 2176 Dei,
774 2083 830 2156 sed
851 2084 988 2179 injustis
1008 2085 1222 2157 utilitatibus
1240 2087 1444 2180 coguntur!

144 2178 301 2268 Errant,
321 2182 384 2273 qni
402 2199 529 2273 putant
548 2180 655 2249 licere
674 2177 737 2250 fibi
755 2179 851 2272 leges
870 2181 1023 2251 condere
1041 2198 1240 2273 pugnantes
1251 2204 1332 2250 cum
1346 2205 1447 2255 man·

145 2272 231 2349 dato
251 2274 346 2364 Dei,
372 2297 455 2345 cum
471 2274 553 2370 jure
571 2295 730 2366 naturae,
754 2270 866 2346 modb
887 2274 954 2349 fint
971 2274 1075 2347 utiles
1092 2276 1135 2346 ad
1153 2298 1237 2368 opes
1255 2277 1416 2349 tuendas.

194 2374 253 2446 Ac
280 2368 443 2468 profesto
471 2392 516 2441 ex
543 2369 662 2441 animo
688 2368 817 2461 doleo,
845 2371 996 2446 &tuam
1016 2373 1155 2461 vicem,
1183 2373 1267 2444 Rex
1285 2372 1445 2469 inclyte,

147 2469 186 2545 δι
214 2470 330 2544 vicem
351 2465 525 2541 Ecclesrae
546 2465 685 2560 Christi.
728 2466 899 2542 Ostendis
918 2488 954 2543 te
971 2472 1117 2544 Romani
1135 2468 1304 2565 Episcopi
1325 2491 1447 2565 tyran·

145 2567 265 2639 nidem
293 2565 517 2659 improbare,
552 2565 589 2637 bt
616 2564 700 2636 vere
725 2588 807 2638 eum
825 2588 930 2640 vocas
948 2567 1213 2661 Antichristum3
1241 2567 1372 2638 interea
1389 2588 1446 2642 eas

144 2663 241 2761 leges
258 2664 405 2736 Romani
423 2660 648 2754 Antichristi,
668 2682 750 2753 quae
767 2660 847 2734 sunt
864 2665 964 2737 nervi
982 2668 1154 2758 potentiae
1175 2662 1304 2756 ipfius,
1322 2661 1445 2736 desen·

144 2759 218 2854 dis,
247 2756 370 2832 Missas
414 2759 560 2850 rivatus,
587 2757 833 2849 Coelibatum,
853 2760 1048 2834 &caeteras
1066 2758 1339 2853 superstitiones.
1365 2761 1452 2832 Mi.

144 2859 236 2932 naris
252 2857 366 2930 atroci
393 2880 464 2928 rma
480 2854 654 2951 supplicia
672 2856 757 2931 viris
772 2856 875 2930 bonis
890 2858 928 2931 &
944 2857 1109 2931 membris
1127 2857 1253 2951 Christi
1263 2888 1276 2943 ς
1303 2859 1444 2953 Oppri-

143 2956 211 3028 mis
230 2952 493 3029 illucescentem
512 2954 549 3025 in
569 2949 739 3027 Ecclesris
757 2956 828 3026 tuis
844 2959 1030 3030 veritatem
1041 2955 1243 3054 Euangelii.
1269 2955 1356 3028 Hoc
1371 2978 1446 3030 non

144 3050 196 3125 est
214 3051 459 3145 Antichristum
478 3049 625 3140 tollere,
652 3051 708 3123 sed
727 3051 951 3126 confirmare.

192 3148 371 3221 Obtestor
387 3149 501 3243 igitur
520 3166 555 3218 te
574 3167 722 3244 propter
741 3149 943 3222 Dominum
960 3147 1118 3221 nostrum
1130 3148 1246 3241 Jesum
1257 3150 1445 3240 Christum,

143 3239 191 3315 ne
228 3243 479 3315 conscientiam
516 3263 612 3315 tuam
641 3245 768 3315 horum
793 3246 1026 3317 articulorum
1055 3243 1257 3316 defensione
1284 3245 1445 3337 polluas,

144 3361 236 3435 quos
256 3339 429 3436 Episcopi
449 3340 493 3413 de
512 3341 658 3436 privatis
679 3336 815 3432 Missis,
840 3343 883 3414 de
905 3338 1155 3431 consessione,
1180 3340 1224 3411 de
1245 3338 1374 3432 Votis,
1399 3340 1446 3414 de

145 3435 337 3510 Coelibatu
357 3438 612 3524 sacerdotum,
635 3439 679 3510 de
696 3438 949 3511 Prohibitiorre
966 3438 1098 3533 integri
1110 3438 1351 3530 Sacramenti,
1368 3434 1446 3510 edi-

144 3534 287 3608 derunt.
331 3534 423 3607 Non
445 3534 495 3606 cll
516 3535 592 3606 leve
612 3555 822 3629 peccatum,
848 3535 1111 3626 idololatriam,
1135 3558 1294 3627 errores,
1318 3536 1449 3610 crude·

146 3630 312 3723 litatem,
337 3631 501 3704 libidines
528 3633 730 3727 Antichrissi
752 3632 914 3708 llabilir‘e.
950 3635 988 3707 Si
1004 3656 1098 3705 nunc
1118 3632 1262 3705 haberet
1280 3636 1449 3707 Romanus

144 3725 349 3824 Episcopus
378 3730 588 3824 Synodum,
623 3754 712 3824 quos
738 3730 825 3804 alios
844 3732 1013 3804 articulos
1032 3732 1235 3828 praecipuos
1253 3731 1448 3820 conderet,

145 3824 198 3936 &⁹
212 3825 295 3902 orbi
315 3847 487 3905 terrarum
505 3829 728 3927 imponeret,
746 3827 819 4000 pisi
839 3830 942 3924 illos,
967 3851 1057 3929 quos
1075 3825 1257 3909 recensent
1274 3825 1448 3997 Epispppi

143 3938 212 3997 tur.
792 3950 812 4000 c
841 3947 859 4024 3
1404 3943 1449 4021 g·
